% This file was created with JabRef 2.5.
% Encoding: UTF-8

@article {Okamoto_Sakajo_Wunsch_2008_Ohkitani_Review,
    AUTHOR = {Ohkitani, Koji},
     TITLE = {{AMS} Review Article of the paper, "On a generalization of the {C}onstantin-{L}ax-{M}ajda  equation" by {H}. {O}kamoto,  {T}. {S}akajo,  and {M}. {W}unsch; {N}onlinearity, 2008},
}

@article {Okamoto_Sakajo_Wunsch_2008,
    AUTHOR = {Okamoto, Hisashi and Sakajo, Takashi and Wunsch, Marcus},
     TITLE = {On a generalization of the {C}onstantin-{L}ax-{M}ajda  equation},
   JOURNAL = {Nonlinearity},
  FJOURNAL = {Nonlinearity},
    VOLUME = {21},
      YEAR = {2008},
    NUMBER = {10},
     PAGES = {2447--2461},
      ISSN = {0951-7715},
     CODEN = {NONLE5},
   MRCLASS = {76B03 (35Q35)},
  MRNUMBER = {2439488 (2009g:76009)},
MRREVIEWER = {Koji Ohkitani},
       DOI = {10.1088/0951-7715/21/10/013},
       URL = {http://dx.doi.org/10.1088/0951-7715/21/10/013},
}

@article {Constantin_Foias_Nicolaenko_Temam_1989,
    AUTHOR = {Constantin, P. and Foias, C. and Nicolaenko, B. and Temam, R.},
     TITLE = {Spectral barriers and inertial manifolds for dissipative  partial differential equations},
   JOURNAL = {J. Dynam. Differential Equations},
  FJOURNAL = {Journal of Dynamics and Differential Equations},
    VOLUME = {1},
      YEAR = {1989},
    NUMBER = {1},
     PAGES = {45--73},
      ISSN = {1040-7294},
     CODEN = {JDDEEH},
   MRCLASS = {35Q20 (35B40 58C40 58F40)},
  MRNUMBER = {1010960 (90i:35234)},
MRREVIEWER = {Peter E. Kloeden},
       DOI = {10.1007/BF01048790},
       URL = {http://dx.doi.org/10.1007/BF01048790},
}

@book {Constantin_Foias_Nicolaenko_Temam_1989_IM_Book,
    AUTHOR = {Constantin, P. and Foias, C. and Nicolaenko, B. and Temam, R.},
     TITLE = {Integral manifolds and inertial manifolds for dissipative partial differential equations},
    SERIES = {Applied Mathematical Sciences},
    VOLUME = {70},
 PUBLISHER = {Springer-Verlag},
   ADDRESS = {New York},
      YEAR = {1989},
     PAGES = {x+123},
      ISBN = {0-387-96729-X},
   MRCLASS = {35B40 (35K57 35Q20 58D25 58F12 58F14)},
  MRNUMBER = {966192 (90a:35026)},
MRREVIEWER = {Jean-Michel Ghidaglia},
}

@article {Foias_Sell_Titi_1989,
    AUTHOR = {Foias, Ciprian and Sell, George R. and Titi, Edriss S.},
     TITLE = {Exponential tracking and approximation of inertial manifolds  for dissipative nonlinear equations},
   JOURNAL = {J. Dynam. Differential Equations},
  FJOURNAL = {Journal of Dynamics and Differential Equations},
    VOLUME = {1},
      YEAR = {1989},
    NUMBER = {2},
     PAGES = {199--244},
      ISSN = {1040-7294},
     CODEN = {JDDEEH},
   MRCLASS = {35B40 (34G20 35Q20 58F12)},
  MRNUMBER = {1010966 (90k:35031)},
MRREVIEWER = {Jean-Michel Ghidaglia},
       DOI = {10.1007/BF01047831},
       URL = {http://dx.doi.org/10.1007/BF01047831},
}

@article {Foias_Sell_Temam_1985,
    AUTHOR = {Foias, Ciprian and Sell, George R. and Temam, Roger},
     TITLE = {Vari\'et\'es inertielles des \'equations diff\'erentielles  dissipatives},
   JOURNAL = {C. R. Acad. Sci. Paris S\'er. I Math.},
  FJOURNAL = {Comptes Rendus des S\'eances de l'Acad\'emie des Sciences.  S\'erie I. Math\'ematique},
    VOLUME = {301},
      YEAR = {1985},
    NUMBER = {5},
     PAGES = {139--141},
      ISSN = {0249-6291},
     CODEN = {CASMEI},
   MRCLASS = {35Q20 (58F12)},
  MRNUMBER = {801946 (87f:35214a)},
MRREVIEWER = {Dieter H. Mayer},
}

@article {Foias_Nicolaenko_Sell_Temam_1985,
    AUTHOR = {Foias, Ciprian and Nicolaenko, Basil and Sell, George R. and Temam, Roger},
     TITLE = {Vari\'et\'es inertielles pour l'\'equation de  {K}uramoto-{S}ivashinski},
   JOURNAL = {C. R. Acad. Sci. Paris S\'er. I Math.},
  FJOURNAL = {Comptes Rendus des S\'eances de l'Acad\'emie des Sciences.  S\'erie I. Math\'ematique},
    VOLUME = {301},
      YEAR = {1985},
    NUMBER = {6},
     PAGES = {285--288},
      ISSN = {0249-6291},
     CODEN = {CASMEI},
   MRCLASS = {35Q20 (58F12 80A30)},
  MRNUMBER = {803219 (87f:35214b)},
MRREVIEWER = {Dieter H. Mayer},
}

@article {Serrin_1962,
    AUTHOR = {Serrin, James},
     TITLE = {On the interior regularity of weak solutions of the  {N}avier-{S}tokes equations},
   JOURNAL = {Arch. Rational Mech. Anal.},
  FJOURNAL = {Archive for Rational Mechanics and Analysis},
    VOLUME = {9},
      YEAR = {1962},
     PAGES = {187--195},
      ISSN = {0003-9527},
   MRCLASS = {35.24 (35.79)},
  MRNUMBER = {0136885 (25 \#346)},
MRREVIEWER = {G. Prodi},
}

@article {Prodi_1959,
    AUTHOR = {Prodi, Giovanni},
     TITLE = {Un teorema di unicit\`a per le equazioni di {N}avier-{S}tokes},
   JOURNAL = {Ann. Mat. Pura Appl. (4)},
  FJOURNAL = {Annali di Matematica Pura ed Applicata. Serie Quarta},
    VOLUME = {48},
      YEAR = {1959},
     PAGES = {173--182},
      ISSN = {0003-4622},
   MRCLASS = {35.79},
  MRNUMBER = {0126088 (23 \#A3384)},
MRREVIEWER = {J. L. Lions},
}

@article {Liu_1991_KSE_Gevrey,
    AUTHOR = {Liu, Xiaosong},
     TITLE = {Gevrey class regularity and approximate inertial manifolds for the {K}uramoto-{S}ivashinsky equation},
   JOURNAL = {Phys. D},
  FJOURNAL = {Physica D. Nonlinear Phenomena},
    VOLUME = {50},
      YEAR = {1991},
    NUMBER = {1},
     PAGES = {135--151},
      ISSN = {0167-2789},
     CODEN = {PDNPDT},
   MRCLASS = {35Q35 (35B45 35B65 80A25)},
  MRNUMBER = {1115876 (93a:35124)},
MRREVIEWER = {Paul G. Schmidt},
       DOI = {10.1016/0167-2789(91)90085-N},
       URL = {http://dx.doi.org/10.1016/0167-2789(91)90085-N},
}

@preamble{
   "\def\cprime{$'$} "
}
@article {Ilyashenko_1992,
    AUTHOR = {Il{\cprime}yashenko, Ju. S.},
     TITLE = {Global analysis of the phase portrait for the
              {K}uramoto-{S}ivashinsky equation},
   JOURNAL = {J. Dynam. Differential Equations},
  FJOURNAL = {Journal of Dynamics and Differential Equations},
    VOLUME = {4},
      YEAR = {1992},
    NUMBER = {4},
     PAGES = {585--615},
      ISSN = {1040-7294},
     CODEN = {JDDEEH},
   MRCLASS = {35Q99 (58F39)},
  MRNUMBER = {1187224 (93k:35263)},
MRREVIEWER = {Piotr Biler},
       DOI = {10.1007/BF01048261},
       URL = {http://dx.doi.org/10.1007/BF01048261},
}

@article {Collet_Eckmann_Epstein_Stubbe_1993_Attractor,
    AUTHOR = {Collet, Pierre and Eckmann, Jean-Pierre and Epstein, Henri and Stubbe, Joachim},
     TITLE = {A global attracting set for the {K}uramoto-{S}ivashinsky equation},
   JOURNAL = {Comm. Math. Phys.},
  FJOURNAL = {Communications in Mathematical Physics},
    VOLUME = {152},
      YEAR = {1993},
    NUMBER = {1},
     PAGES = {203--214},
      ISSN = {0010-3616},
     CODEN = {CMPHAY},
   MRCLASS = {35Q55 (35B05 58F39)},
  MRNUMBER = {1207676 (94e:35125)},
MRREVIEWER = {Bo Ling Guo},
       URL = {http://projecteuclid.org/getRecord?id=euclid.cmp/1104252316},
}

@article {Collet_Eckmann_Epstein_Stubbe_1993_Analyticity,
    AUTHOR = {Collet, P. and Eckmann, J.-P. and Epstein, H. and Stubbe, J.},
     TITLE = {Analyticity for the {K}uramoto-{S}ivashinsky equation},
   JOURNAL = {Phys. D},
  FJOURNAL = {Physica D. Nonlinear Phenomena},
    VOLUME = {67},
      YEAR = {1993},
    NUMBER = {4},
     PAGES = {321--326},
      ISSN = {0167-2789},
     CODEN = {PDNPDT},
   MRCLASS = {35Q55},
  MRNUMBER = {1236200 (94g:35203)},
       DOI = {10.1016/0167-2789(93)90168-Z},
       URL = {http://dx.doi.org/10.1016/0167-2789(93)90168-Z},
}

@article {Goodman_1994,
    AUTHOR = {Goodman, Jonathan},
     TITLE = {Stability of the {K}uramoto-{S}ivashinsky and related systems},
   JOURNAL = {Comm. Pure Appl. Math.},
  FJOURNAL = {Communications on Pure and Applied Mathematics},
    VOLUME = {47},
      YEAR = {1994},
    NUMBER = {3},
     PAGES = {293--306},
      ISSN = {0010-3640},
     CODEN = {CPAMA},
   MRCLASS = {35Q53 (35B35 35K55)},
  MRNUMBER = {1266243 (95b:35194)},
MRREVIEWER = {Cristina Turner},
       DOI = {10.1002/cpa.3160470304},
       URL = {http://dx.doi.org/10.1002/cpa.3160470304},
}

@article {Tadmor_1986,
    AUTHOR = {Tadmor, Eitan},
     TITLE = {The well-posedness of the {K}uramoto-{S}ivashinsky equation},
   JOURNAL = {SIAM J. Math. Anal.},
  FJOURNAL = {SIAM Journal on Mathematical Analysis},
    VOLUME = {17},
      YEAR = {1986},
    NUMBER = {4},
     PAGES = {884--893},
      ISSN = {0036-1410},
     CODEN = {SJMAAH},
   MRCLASS = {35K55 (35Q20)},
  MRNUMBER = {846395 (87g:35117)},
MRREVIEWER = {J. R. Ockendon},
       DOI = {10.1137/0517063},
       URL = {http://dx.doi.org/10.1137/0517063},
}

@BOOK{Adams_Fournier_2003,
  title = {Sobolev {S}paces},
  publisher = {Elsevier/Academic Press, Amsterdam},
  year = {2003},
  author = {Adams, R. A. and Fournier, J. J. F. },
  volume = {140},
  pages = {xiv+305},
  series = {Pure and Applied Mathematics (Amsterdam)},
  edition = {Second},
  isbn = {0-12-044143-8},
  mrclass = {46E35 (46-01 46-02 46B70 46Exx)},
  mrnumber = {2424078}
}

@ARTICLE{Adhikari_Cao_Wu_2010,
  author = {Adhikari, D. and Cao, C. and Wu, J.},
  title = {The 2{D} {B}oussinesq equations with vertical vertical viscosity
	and vertical diffusivity},
  journal = {J. Differential Equations},
  year = {2010},
  volume = {249},
  pages = {1078-1088},
  number = {5}
}

@BOOK{Agmon_1965,
  title = {Lectures {O}n {E}lliptic {B}oundary {V}alue {P}roblems},
  publisher = {D. Van Nostrand Co., Inc., Princeton, N.J.-Toronto-London},
  year = {1965},
  author = {Agmon, S.},
  pages = {v+291},
  series = {Prepared for publication by B. Frank Jones, Jr. with the assistance
	of George W. Batten, Jr. Van Nostrand Mathematical Studies, No. 2},
  mrclass = {35.45 (35.80)},
  mrnumber = {0178246 (31 \#2504)},
  mrreviewer = {J. Friberg}
}

@ARTICLE{Alaa_1996,
  author = {Alaa, N.},
  title = {Solutions faibles d'\'equations paraboliques quasilin\'eaires avec
	donn\'ees initiales mesures},
  journal = {Ann. Math. Blaise Pascal},
  year = {1996},
  volume = {3},
  pages = {1--15},
  number = {2},
  fjournal = {Annales Math\'ematiques Blaise Pascal},
  issn = {1259-1734},
  mrclass = {35K15 (35D05 35R05)},
  mrnumber = {1435312 (98a:35053)},
  mrreviewer = {Zi Qian Yan}
}

@ARTICLE{Alekseev_1982,
  author = {Alekseev, G. V.},
  title = {Solvability of a homogeneous initial-boundary value problem for equations
	of magnetohydrodynamics of an ideal fluid},
  journal = {Dinamika Sploshn. Sredy},
  year = {1982},
  pages = {3--20},
  number = {57},
  coden = {DSSYAH},
  fjournal = {Institut Gidrodinamiki Sibirskogo Otdeleniya Akademii Nauk SSSR. Dinamika
	Sploshno\u\i\ Sredy},
  issn = {0420-0497},
  mrclass = {76W05 (35Q10)},
  mrnumber = {752597 (85i:76050)},
  mrreviewer = {Jaroslav Bart{\'a}k}
}

@ARTICLE{Ball_1977,
  author = {Ball, J. M.},
  title = {Remarks on blow-up and nonexistence theorems for nonlinear evolution
	equations},
  journal = {Quart. J. Math. Oxford Ser. (2)},
  year = {1977},
  volume = {28},
  pages = {473--486},
  number = {112},
  fjournal = {The Quarterly Journal of Mathematics. Oxford. Second Series},
  issn = {0033-5606},
  mrclass = {35G20 (47H15)},
  mrnumber = {0473484 (57 \#13150)},
  mrreviewer = {Simeon Reich}
}

@ARTICLE{Bardina_Ferziger_Reynolds_1980,
  author = {Bardina, J. and Ferziger, J and Reynolds, W.},
  title = {Improved subgrid scale models for large eddy simulation},
  journal = {American Institute of Aeronautics and Astronautics Paper},
  year = {1980},
  volume = {80},
  pages = {80-1357}
}

@ARTICLE{Bardos_Benachour_1977,
  author = {Bardos, C. and Benachour, S.},
  title = {Domaine d'analycit{\'e} des solutions de l'{\'e}quation d'{E}uler
	dans un ouvert de {$R\sp{n}$}},
  journal = {Ann. Scuola Norm. Sup. Pisa Cl. Sci. (4)},
  year = {1977},
  volume = {4},
  pages = {647--687},
  number = {4},
  mrclass = {35Q99},
  mrnumber = {0454413 (56 \#12664)},
  mrreviewer = {W. F. Ames}
}

@ARTICLE{Bardos_Titi_2010,
  author = {Bardos, Claude and Titi, Edriss S.},
  title = {Loss of smoothness and energy conserving rough weak solutions for
	the {$3d$} {E}uler equations},
  journal = {Discrete Contin. Dyn. Syst. Ser. S},
  year = {2010},
  volume = {3},
  pages = {185--197},
  number = {2},
  doi = {10.3934/dcdss.2010.3.185},
  fjournal = {Discrete and Continuous Dynamical Systems. Series S},
  issn = {1937-1632},
  mrclass = {35Q05 (76B03 76F02)},
  mrnumber = {2610558},
  url = {http://dx.doi.org/10.3934/dcdss.2010.3.185}
}

@ARTICLE{Bardos_Titi_2007,
  author = {Bardos, K. and Titi, E. S.},
  title = {Euler equations for an ideal incompressible fluid},
  journal = {Uspekhi Mat. Nauk},
  year = {2007},
  volume = {62},
  pages = {5--46},
  number = {3(375). Translation in Russian Math. Surveys 62 (2007), no. 3, 409--451},
  fjournal = {Rossi\u\i skaya Akademiya Nauk. Moskovskoe Matematicheskoe Obshchestvo.
	Uspekhi Matematicheskikh Nauk},
  issn = {0042-1316},
  mrclass = {76B03 (35Q35 76E30 76F02)},
  mrnumber = {2355417 (2008f:76017)}
}

@ARTICLE{Beale_Kato_Majda_1984,
  author = {Beale, J. T. and Kato, T. and Majda, A. J.},
  title = {Remarks on the breakdown of smooth solutions for the {$3$}-{D} {E}uler
	equations},
  journal = {Comm. Math. Phys.},
  year = {1984},
  volume = {94},
  pages = {61--66},
  number = {1},
  coden = {CMPHAY},
  fjournal = {Communications in Mathematical Physics},
  issn = {0010-3616},
  mrclass = {35Q10 (76F99)},
  mrnumber = {763762 (85j:35154)}
}

@ARTICLE{Bellout_Benachour_Titi_2003,
  author = {Bellout, H. and Benachour, S. and Titi, E. S.},
  title = {Finite-time singularity versus global regularity for hyper-viscous
	{H}amilton-{J}acobi-like equations},
  journal = {Nonlinearity},
  year = {2003},
  volume = {16},
  pages = {1967--1989},
  number = {6},
  coden = {NONLE5},
  fjournal = {Nonlinearity},
  issn = {0951-7715},
  mrclass = {35Q53 (35B05 35K25 35K55)},
  mrnumber = {2012850 (2004m:35224)},
  mrreviewer = {Zoran Gruji{\'c}}
}

@article {Ben-Artzi_Souplet_Weissler_1999,
    AUTHOR = {Ben-Artzi, Matania and Souplet, Philippe and Weissler, Fred B.},
     TITLE = {Sur la non-existence et la non-unicit\'e des solutions du probl\`eme de {C}auchy pour une \'equation parabolique semi-lin\'eaire},
   JOURNAL = {C. R. Acad. Sci. Paris S\'er. I Math.},
  FJOURNAL = {Comptes Rendus de l'Acad\'emie des Sciences. S\'erie I. Math\'ematique},
    VOLUME = {329},
      YEAR = {1999},
    NUMBER = {5},
     PAGES = {371--376},
      ISSN = {0764-4442},
     CODEN = {CASMEI},
   MRCLASS = {35K55},
  MRNUMBER = {1710135 (2000i:35077)},
MRREVIEWER = {I. {\L}ojczyk-Kr{\'o}likiewicz},
       DOI = {10.1016/S0764-4442(00)88608-5},
       URL = {http://dx.doi.org/10.1016/S0764-4442(00)88608-5},
}

@article {Ben-Artzi_Souplet_Weissler_2002,
    AUTHOR = {Ben-Artzi, Matania and Souplet, Philippe and Weissler, Fred B.},
     TITLE = {The local theory for viscous {H}amilton-{J}acobi equations in   {L}ebesgue spaces},
   JOURNAL = {J. Math. Pures Appl. (9)},
  FJOURNAL = {Journal de Math\'ematiques Pures et Appliqu\'ees. Neuvi\`eme  S\'erie},
    VOLUME = {81},
      YEAR = {2002},
    NUMBER = {4},
     PAGES = {343--378},
      ISSN = {0021-7824},
     CODEN = {JMPAAM},
   MRCLASS = {35K55 (35B33 35B35 35K10)},
  MRNUMBER = {1967353 (2004a:35100)},
MRREVIEWER = {Luca Lorenzi},
       DOI = {10.1016/S0021-7824(01)01243-0},
       URL = {http://dx.doi.org/10.1016/S0021-7824(01)01243-0},
}

@article {Amour_Ben-Artzi_1998,
    AUTHOR = {Amour, Laurent and Ben-Artzi, Matania},
     TITLE = {Global existence and decay for viscous {H}amilton-{J}acobi equations},
   JOURNAL = {Nonlinear Anal.},
  FJOURNAL = {Nonlinear Analysis. Theory, Methods \& Applications. An International Multidisciplinary Journal. Series A: Theory and Methods},
    VOLUME = {31},
      YEAR = {1998},
    NUMBER = {5-6},
     PAGES = {621--628},
      ISSN = {0362-546X},
     CODEN = {NOANDD},
   MRCLASS = {35K55 (35B40 35B50)},
  MRNUMBER = {1487850 (99c:35098)},
MRREVIEWER = {Zi Qian Yan},
       DOI = {10.1016/S0362-546X(97)00427-6},
       URL = {http://dx.doi.org/10.1016/S0362-546X(97)00427-6},
}

@ARTICLE{Ben-Artzi_Goodman_Levy_2000,
  author = {Ben-Artzi, M. and Goodman, J. and Levy, A.},
  title = {Remarks on a nonlinear parabolic equation},
  journal = {Trans. Amer. Math. Soc.},
  year = {2000},
  volume = {352},
  pages = {731--751},
  number = {2},
  coden = {TAMTAM},
  fjournal = {Transactions of the American Mathematical Society},
  issn = {0002-9947},
  mrclass = {35K55},
  mrnumber = {1615935 (2000c:35092)},
  mrreviewer = {Lumin Jiang}
}

@ARTICLE{Benachour_Laurencot_Schmitt_Souplet_2002,
  author = {Benachour, S. and Lauren{\c{c}}ot, Ph. and Schmitt, D. and Souplet,
	Ph.},
  title = {Extinction and non-extinction for viscous {H}amilton-{J}acobi equations
	in {$\Bbb R\sp N$}},
  journal = {Asymptot. Anal.},
  year = {2002},
  volume = {31},
  pages = {229--246},
  number = {3-4},
  coden = {ASANEZ},
  fjournal = {Asymptotic Analysis},
  issn = {0921-7134},
  mrclass = {35K55 (35K10)},
  mrnumber = {1937838 (2003i:35125)},
  mrreviewer = {Ning Su}
}

@ARTICLE{Benjamin_Bona_Mahony_1972,
  author = {Benjamin, T. B. and Bona, J. L. and Mahony, J. J.},
  title = {Model equations for long waves in nonlinear dispersive systems},
  journal = {Philos. Trans. Roy. Soc. London Ser. A},
  year = {1972},
  volume = {272},
  pages = {47--78},
  number = {1220},
  fjournal = {Philosophical Transactions of the Royal Society of London. Series
	A. Mathematical and Physical Sciences},
  issn = {0080-4614},
  mrclass = {35Q99},
  mrnumber = {0427868 (55 \#898)},
  mrreviewer = {Ronald DiPerna}
}

@ARTICLE{Bony_1981,
  author = {Bony, J.-M.},
  title = {Calcul symbolique et propagation des singularit\'es pour les \'equations
	aux d\'eriv\'ees partielles non lin\'eaires},
  journal = {Ann. Sci. \'Ecole Norm. Sup. (4)},
  year = {1981},
  volume = {14},
  pages = {209--246},
  number = {2},
  coden = {ASENAH},
  fjournal = {Annales Scientifiques de l'\'Ecole Normale Sup\'erieure. Quatri\`eme
	S\'erie},
  issn = {0012-9593},
  mrclass = {35S99 (35G20)},
  mrnumber = {631751 (84h:35177)},
  mrreviewer = {J. Lacroix},
  url = {http://www.numdam.org/item?id=ASENS_1981_4_14_2_209_0}
}

@ARTICLE{Brezis_Gallouet_1980,
  author = {Br{\'e}zis, H. and Gallouet, T.},
  title = {Nonlinear {S}chr\"odinger evolution equations},
  journal = {Nonlinear Anal.},
  year = {1980},
  volume = {4},
  pages = {677--681},
  number = {4},
  coden = {NOANDD},
  doi = {10.1016/0362-546X(80)90068-1},
  fjournal = {Nonlinear Analysis},
  issn = {0362-546X},
  mrclass = {35Q20 (46E35 49A29)},
  mrnumber = {582536 (81i:35139)},
  mrreviewer = {Hans Kaper},
  url = {http://dx.doi.org/10.1016/0362-546X(80)90068-1}
}

@ARTICLE{Bohm_1992,
  author = {B{\"o}hm, M.},
  title = {On {N}avier-{S}tokes and {K}elvin-{V}oigt equations in three dimensions
	in interpolation spaces},
  journal = {Math. Nachr.},
  year = {1992},
  volume = {155},
  pages = {151--165},
  coden = {MTMNAQ},
  doi = {10.1002/mana.19921550112},
  fjournal = {Mathematische Nachrichten},
  issn = {0025-584X},
  mrclass = {35Q30 (46E35 76A10 76D05)},
  mrnumber = {1231262 (94f:35107)},
  mrreviewer = {Georgy A. Sviridyuk},
  url = {http://dx.doi.org/10.1002/mana.19921550112}
}

@INCOLLECTION{Cannon_DiBenedetto_1980,
  author = {Cannon, J. R. and DiBenedetto, E.},
  title = {The initial value problem for the {B}oussinesq equations with data
	in {$L^{p}$}},
  booktitle = {Approximation methods for {N}avier-{S}tokes problems ({P}roc. {S}ympos.,
	{U}niv. {P}aderborn, {P}aderborn, 1979)},
  publisher = {Springer},
  year = {1980},
  volume = {771},
  series = {Lecture Notes in Math.},
  pages = {129--144},
  address = {Berlin},
  mrclass = {35Q20 (76D05 76R05)},
  mrnumber = {565993 (81f:35101)},
  mrreviewer = {Alberto Valli}
}

@ARTICLE{Cao_Ettinger_Titi_2010,
  author = {Cao, C. and Ettinger, B. and Titi, E.S.},
  title = {Global regularity for the 3D viscous magnetohydrodynamic equations
	with helical symmetry},
  note = {(in preparation)}
}

@ARTICLE{Cao_Rammaha_Titi_2000,
  author = {Cao, C. and Rammaha, M. A. and Titi, E. S.},
  title = {Gevrey regularity for nonlinear analytic parabolic equations on the
	sphere},
  journal = {J. Dynam. Differential Equations},
  year = {2000},
  volume = {12},
  pages = {411--433},
  number = {2},
  coden = {JDDEEH},
  fjournal = {Journal of Dynamics and Differential Equations},
  issn = {1040-7294},
  mrclass = {35B65 (35A20 35K55)},
  mrnumber = {1790661 (2001k:35043)},
  mrreviewer = {Mohammed B. Ziane}
}

@ARTICLE{Cao_Rammaha_Titi_1999,
  author = {Cao, C. and Rammaha, M. A. and Titi, E. S.},
  title = {The {N}avier-{S}tokes equations on the rotating {$2$}-{D} sphere:
	{G}evrey regularity and asymptotic degrees of freedom},
  journal = {Z. Angew. Math. Phys.},
  year = {1999},
  volume = {50},
  pages = {341--360},
  number = {3},
  coden = {AZMPA8},
  fjournal = {Zeitschrift f\"ur Angewandte Mathematik und Physik. ZAMP. Journal
	of Applied Mathematics and Physics. Journal de Math\'ematiques et
	de Physique Appliqu\'ees},
  issn = {0044-2275},
  mrclass = {76D05 (35Q30 76D03 76U05 86A05)},
  mrnumber = {1697711 (2001c:76030)},
  mrreviewer = {Jinqiao Duan}
}

@article {Cao_Titi_2008,
    AUTHOR = {Cao, Chongsheng and Titi, Edriss S.},
     TITLE = {Regularity criteria for the three-dimensional
              {N}avier-{S}tokes equations},
   JOURNAL = {Indiana Univ. Math. J.},
  FJOURNAL = {Indiana University Mathematics Journal},
    VOLUME = {57},
      YEAR = {2008},
    NUMBER = {6},
     PAGES = {2643--2661},
      ISSN = {0022-2518},
     CODEN = {IUMJAB},
   MRCLASS = {35Q30 (35B65 76D05)},
  MRNUMBER = {2482994 (2010b:35332)},
MRREVIEWER = {Luigi Carlo Berselli},
       DOI = {10.1512/iumj.2008.57.3719},
       URL = {http://dx.doi.org/10.1512/iumj.2008.57.3719},
}

@article {Cao_Titi_2011,
    AUTHOR = {Cao, Chongsheng and Titi, Edriss S.},
     TITLE = {Global Regularity criterion for the {3D}
              {N}avier-{S}tokes equations Involving One Entry of The Velocity Gradient Tensor},
  journal = {Arch. Rational Mech. Anal.},
  year = {2011},
  note = {\textit{(to appear)} arXiv:1005.4463v1},
}

@ARTICLE{Cao_Titi_2010,
  author = {Cao, C. and Titi, E. S.},
  title = {Global well-posedness of the three-dimensional stratified primitive
	equations with partial vertical turbulence mixing diffusion},
  journal = {arXiv:1010.5286v1},
  year = {2010},
  note = {\textit{(in submission)}},
  url = {http://www.citebase.org/abstract?id=oai:arXiv.org:1010.5286}
}

@article {Cao_Titi_2006_KSE,
    AUTHOR = {Cao, Yanping and Titi, Edriss S.},
     TITLE = {Trivial stationary solutions to the {K}uramoto-{S}ivashinsky and certain nonlinear elliptic equations},
   JOURNAL = {J. Differential Equations},
  FJOURNAL = {Journal of Differential Equations},
    VOLUME = {231},
      YEAR = {2006},
    NUMBER = {2},
     PAGES = {755--767},
      ISSN = {0022-0396},
     CODEN = {JDEQAK},
   MRCLASS = {35J60 (35G30 80A20)},
  MRNUMBER = {2287905 (2009g:35061)},
       DOI = {10.1016/j.jde.2006.08.002},
       URL = {http://dx.doi.org/10.1016/j.jde.2006.08.002},
}

@ARTICLE{Cao_Titi_2007,
  author = {Cao, C. and Titi, E. S.},
  title = {Global well-posedness of the three-dimensional viscous primitive
	equations of large scale ocean and atmosphere dynamics},
  journal = {Ann. of Math. (2)},
  year = {2007},
  volume = {166},
  pages = {245--267},
  number = {1},
  coden = {ANMAAH},
  fjournal = {Annals of Mathematics. Second Series},
  issn = {0003-486X},
  mrclass = {35Q35 (35B30 76D03 76U05 86A05 86A10)},
  mrnumber = {2342696},
  mrreviewer = {Fabio V. Silva}
}

@ARTICLE{Cao_Lunasin_Titi_2006,
  author = {Cao, Y. and Lunasin, E. and Titi, E. S. },
  title = {Global well-posedness of the three-dimensional viscous and inviscid
	simplified {B}ardina turbulence models},
  journal = {Commun. Math. Sci.},
  year = {2006},
  volume = {4},
  pages = {823--848},
  number = {4},
  fjournal = {Communications in Mathematical Sciences},
  issn = {1539-6746},
  mrclass = {35Q35 (35B41 35D05 37N10 76F02)},
  mrnumber = {2264822 (2007h:35254)},
  mrreviewer = {Peter E. Kloeden}
}

@ARTICLE{Cao_Titi_2009,
  author = {Cao, Y. and Titi, E. S.},
  title = {On the rate of convergence of the two-dimensional {$\alpha$}-models
	of turbulence to the {N}avier-{S}tokes equations},
  journal = {Numer. Funct. Anal. Optim.},
  year = {2009},
  volume = {30},
  pages = {1231--1271},
  number = {11-12},
  coden = {NFADOL},
  doi = {10.1080/01630560903439189},
  fjournal = {Numerical Functional Analysis and Optimization. An International Journal},
  issn = {0163-0563},
  mrclass = {65M60 (35A30 35Q30 76D05)},
  mrnumber = {2591037},
  url = {http://dx.doi.org/10.1080/01630560903439189}
}

@BOOK{Carroll_Showalter_1976,
  title = {Singular and {D}egenerate {C}auchy {P}roblems},
  publisher = {Academic Press [Harcourt Brace Jovanovich Publishers]},
  year = {1976},
  author = {Carroll, R. W. and Showalter, R. E.},
  pages = {viii+333},
  address = {New York},
  note = {Mathematics in Science and Engineering, Vol. 127},
  isbn = {0-12-161450-6},
  mrclass = {35-02 (58G99)},
  mrnumber = {0460842 (57 \#834)},
  mrreviewer = {J. E. Lagnese}
}

@ARTICLE{Catania_2009,
  author = {Catania, D.},
  title = {Global existence for a regularized magnetohydrodynamic-$\alpha$ model},
  journal = {Ann. Univ Ferrara},
  year = {2010},
  volume = {56},
  pages = {1-20},
  note = {10.1007/s11565-009-0069-1},
  affiliation = {Brescia University Department of Mathematics, Faculty of Engineering
	Via Valotti 9 25133 Brescia Italy},
  fjournal = {Annali dell'Universita di Ferrara},
  issn = {0430-3202},
  issue = {1},
  keyword = {Mathematics},
  publisher = {Springer Milan},
  url = {http://dx.doi.org/10.1007/s11565-009-0069-1}
}

@ARTICLE{Catania_Secchi_2009,
  author = {D. Catania and P. Secchi},
  title = {Global Existence for Two Regularized MHD Models in Three Space-Dimension},
  journal = {Quad. Sem. Mat. Univ. Brescia},
  year = {2009},
  number = {37},
  fjournal = {Quad. Sem. Mat. Univ. Brescia}
}

@ARTICLE{Chae_2005,
  author = {Chae, D.},
  title = {Global regularity for the 2{D} {B}oussinesq equations with partial
	viscosity terms},
  journal = {Adv. Math.},
  year = {2006},
  volume = {203},
  pages = {497--513},
  number = {2},
  coden = {ADMTA4},
  fjournal = {Advances in Mathematics},
  issn = {0001-8708},
  mrclass = {35Q35 (35B65 35D10 76B03 76D03)},
  mrnumber = {2227730 (2007e:35223)},
  mrreviewer = {Michael Mudi Tom}
}

@ARTICLE{Chae_Nam_1997,
  author = {Chae, D. and Nam, H.-S.},
  title = {Local existence and blow-up criterion for the {B}oussinesq equations},
  journal = {Proc. Roy. Soc. Edinburgh Sect. A},
  year = {1997},
  volume = {127},
  pages = {935--946},
  number = {5},
  coden = {PEAMDU},
  fjournal = {Proceedings of the Royal Society of Edinburgh. Section A. Mathematics},
  issn = {0308-2105},
  mrclass = {35Q35 (35B05 76F99)},
  mrnumber = {1475638 (98e:35133)}
}

@BOOK{Chandrasekhar_1961,
  title = {Hydrodynamic and {H}ydromagnetic {S}tability},
  publisher = {Clarendon Press, Oxford},
  year = {1961},
  author = {Chandrasekhar, S.},
  pages = {xix+654 pp. (16 plates)},
  series = {The International Series of Monographs on Physics},
  mrclass = {76.00},
  mrnumber = {0128226 (23 \#B1270)},
  mrreviewer = {J. W. Miles}
}

@ARTICLE{Chen_Foias_Holm_Olson_Titi_Wynne_1998_PF,
  author = {Chen, S. and Foias, C. and Holm, D. D. and Olson, E. and Titi, E.
	S. and Wynne, S.},
  title = {A connection between the {C}amassa-{H}olm equations and turbulent
	flows in channels and pipes},
  journal = {Phys. Fluids},
  year = {1999},
  volume = {11},
  pages = {2343--2353},
  number = {8},
  note = {The International Conference on Turbulence (Los Alamos, NM, 1998)},
  coden = {PHFLE6},
  fjournal = {Physics of Fluids},
  issn = {1070-6631},
  mrclass = {76F99 (35Q35 76D05)},
  mrnumber = {1719962 (2000h:76107)}
}

@ARTICLE{Chen_Foias_Holm_Olson_Titi_Wynne_1999,
  author = {Chen, S. and Foias, C. and Holm, D. D. and Olson, E. and Titi, E.
	S. and Wynne, S.},
  title = {The {C}amassa-{H}olm equations and turbulence},
  journal = {Phys. D},
  year = {1999},
  volume = {133},
  pages = {49--65},
  number = {1-4},
  note = {Predictability: quantifying uncertainty in models of complex phenomena
	(Los Alamos, NM, 1998)},
  coden = {PDNPDT},
  fjournal = {Physica D. Nonlinear Phenomena},
  issn = {0167-2789},
  mrclass = {76F20 (35Q35 37L30 37N10 76M25)},
  mrnumber = {1721139 (2000h:76090)}
}

@ARTICLE{Chen_Foias_Holm_Olson_Titi_Wynne_1998_PRL,
  author = {Chen, S. and Foias, C. and Holm, D. D. and Olson, E. and Titi, E.
	S. and Wynne, S.},
  title = {Camassa-{H}olm equations as a closure model for turbulent channel
	and pipe flow},
  journal = {Phys. Rev. Lett.},
  year = {1998},
  volume = {81},
  pages = {5338--5341},
  number = {24},
  coden = {PRLTAO},
  fjournal = {Physical Review Letters},
  issn = {0031-9007},
  mrclass = {76F02 (76D05)},
  mrnumber = {1745983 (2000k:76071)}
}

@ARTICLE{Cheskidov_Holm_Olson_Titi_2005,
  author = {Cheskidov, A. and Holm, D. D. and Olson, E. and Titi, E. S.},
  title = {On a {L}eray-{$\alpha$} model of turbulence},
  journal = {Proc. R. Soc. Lond. Ser. A Math. Phys. Eng. Sci.},
  year = {2005},
  volume = {461},
  pages = {629--649},
  number = {2055},
  fjournal = {Proceedings of The Royal Society of London. Series A. Mathematical,
	Physical and Engineering Sciences},
  issn = {1364-5021},
  mrclass = {76F02 (35Q35 37L30 37N10 76D05)},
  mrnumber = {2121928 (2006b:76041)},
  mrreviewer = {Christopher C. Hallstrom}
}

@ARTICLE{Coifman_Lions_Meyer_Semmes_1993,
  author = {Coifman, R. and Lions, P.-L and Meyer, Y. and Semmes, S.},
  title = {Compensated compactness and {H}ardy spaces},
  journal = {J. Math. Pures Appl. (9)},
  year = {1993},
  volume = {72},
  pages = {247--286},
  number = {3},
  coden = {JMPAAM},
  fjournal = {Journal de Math{\'e}matiques Pures et Appliqu{\'e}es. Neuvi{\`e}me
	S{\'e}rie},
  issn = {0021-7824},
  mrclass = {46E99 (35S05 42B30 46F10 46N20 47G30)},
  mrnumber = {1225511 (95d:46033)}
}

@ARTICLE{Constantin_2007,
  author = {Constantin, P.},
  title = {On the {E}uler equations of incompressible fluids},
  journal = {Bull. Amer. Math. Soc. (N.S.)},
  year = {2007},
  volume = {44},
  pages = {603--621 (electronic)},
  number = {4},
  coden = {BAMOAD},
  fjournal = {American Mathematical Society. Bulletin. New Series},
  issn = {0273-0979},
  mrclass = {76B03 (35Q35 76E99 76F02)},
  mrnumber = {2338368 (2008i:76010)},
  mrreviewer = {Dongho Chae}
}

@article {Constantin_Fefferman_1993,
    AUTHOR = {Constantin, Peter and Fefferman, Charles},
     TITLE = {Direction of vorticity and the problem of global regularity for the {N}avier-{S}tokes equations},
   JOURNAL = {Indiana Univ. Math. J.},
  FJOURNAL = {Indiana University Mathematics Journal},
    VOLUME = {42},
      YEAR = {1993},
    NUMBER = {3},
     PAGES = {775--789},
      ISSN = {0022-2518},
     CODEN = {IUMJAB},
   MRCLASS = {35Q30 (76D05)},
  MRNUMBER = {1254117 (95j:35169)},
MRREVIEWER = {Rodolfo Salvi},
       DOI = {10.1512/iumj.1993.42.42034},
       URL = {http://dx.doi.org/10.1512/iumj.1993.42.42034},
}

@ARTICLE{Constantin_Fefferman_Majda_1996,
  author = {Constantin, P. and Fefferman, C. and Majda, A. J.},
  title = {Geometric constraints on potentially singular solutions for the {$3$}-{D}
	{E}uler equations},
  journal = {Comm. Partial Differential Equations},
  year = {1996},
  volume = {21},
  pages = {559--571},
  number = {3-4},
  coden = {CPDIDZ},
  fjournal = {Communications in Partial Differential Equations},
  issn = {0360-5302},
  mrclass = {35Q30 (76C05)},
  mrnumber = {1387460 (97c:35154)},
  mrreviewer = {Rodolfo Salvi}
}

@BOOK{Constantin_Foias_1988,
  title = {Navier-{S}tokes {E}quations},
  publisher = {University of Chicago Press},
  year = {1988},
  author = {Constantin, P. and Foias, C.},
  pages = {x+190},
  series = {Chicago Lectures in Mathematics},
  address = {Chicago, IL},
  isbn = {0-226-11548-8; 0-226-11549-6},
  mrclass = {35Q10 (58F12 76-02 76D05)},
  mrnumber = {972259 (90b:35190)},
  mrreviewer = {Athanase Cotsiolis}
}

@BOOK{Conway_1990,
  title = {A {C}ourse in {F}unctional {A}nalysis},
  publisher = {Springer-Verlag},
  year = {1990},
  author = {Conway, J. B.},
  volume = {96},
  pages = {xvi+399},
  series = {Graduate Texts in Mathematics},
  address = {New York},
  edition = {Second},
  isbn = {0-387-97245-5},
  mrclass = {46-01 (47-01)},
  mrnumber = {1070713 (91e:46001)}
}

@ARTICLE{Danchin_Paicu_2008,
  author = {R. Danchin and M. Paicu},
  title = {Global Existence Results for the Anisotropic {B}oussinesq System
	in Dimension Two},
  year = {2008},
  url = {http://www.citebase.org/abstract?id=oai:arXiv.org:0809.4984}
}

@ARTICLE{Danchin_Paicu_2008_French,
  author = {Danchin, R. and Paicu, M.},
  title = {Les th\'eor\`emes de {L}eray et de {F}ujita-{K}ato pour le syst\`eme
	de {B}oussinesq partiellement visqueux},
  journal = {Bull. Soc. Math. France},
  year = {2008},
  volume = {136},
  pages = {261--309},
  number = {2},
  coden = {BSMFAA},
  fjournal = {Bulletin de la Soci\'et\'e Math\'ematique de France},
  issn = {0037-9484},
  mrclass = {35Q35 (35B65 76D03 76N10)},
  mrnumber = {2415344 (2009k:35230)},
  mrreviewer = {Alberto Valli}
}

@BOOK{Davidson_2001,
  title = {An {I}ntroduction to {M}agnetohydrodynamics},
  publisher = {Cambridge University Press},
  year = {2001},
  author = {Davidson, P. A.},
  pages = {xviii+431},
  series = {Cambridge Texts in Applied Mathematics},
  address = {Cambridge},
  isbn = {0-521-79487-0},
  mrclass = {76W05 (76-01)},
  mrnumber = {1825486 (2002c:76103)},
  mrreviewer = {Manuel N{\'u}{\~n}ez Jim{\'e}nez}
}

@ARTICLE{Deng_Hou_Yu_2005,
  author = {Deng, J. and Hou, T. Y. and Yu, X.},
  title = {Geometric properties and nonblowup of 3{D} incompressible {E}uler
	flow},
  journal = {Comm. Partial Differential Equations},
  year = {2005},
  volume = {30},
  pages = {225--243},
  number = {1-3},
  coden = {CPDIDZ},
  fjournal = {Communications in Partial Differential Equations},
  issn = {0360-5302},
  mrclass = {35Q35 (35L60 76B03)},
  mrnumber = {2131052 (2006f:35215)},
  mrreviewer = {Paolo Secchi}
}

@ARTICLE{DiBenedetto_Showalter_1981,
  author = {DiBenedetto, E. and Showalter, R. E.},
  title = {Implicit degenerate evolution equations and applications},
  journal = {SIAM J. Math. Anal.},
  year = {1981},
  volume = {12},
  pages = {731--751},
  number = {5},
  coden = {SJMAAH},
  doi = {10.1137/0512062},
  fjournal = {SIAM Journal on Mathematical Analysis},
  issn = {0036-1410},
  mrclass = {47H15 (34G20 35K65)},
  mrnumber = {625829 (83i:47070)},
  mrreviewer = {Gregory B. Passty},
  url = {http://dx.doi.org/10.1137/0512062}
}

@ARTICLE{DiPerna_Lions_1989,
  author = {DiPerna, R. J. and Lions, P.-L.},
  title = {Ordinary differential equations, transport theory and {S}obolev {S}paces},
  journal = {Inventiones Mathematicae},
  year = {1989},
  volume = {98},
  pages = {511-547}
}

@ARTICLE{Duvaut_Lions_1972,
  author = {Duvaut, G. and Lions, J.-L.},
  title = {In\'equations en thermo\'elasticit\'e et magn\'eto\-hydrodynamique},
  journal = {Arch. Rational Mech. Anal.},
  year = {1972},
  volume = {46},
  pages = {241--279},
  fjournal = {Archive for Rational Mechanics and Analysis},
  issn = {0003-9527},
  mrclass = {35B45 (73.35 76.35)},
  mrnumber = {0346289 (49 \#11014)},
  mrreviewer = {P. Germain}
}

@ARTICLE{Ebrahimi_Holst_Lunasin_2010,
  author = {M.~A. Ebrahimi and M. Holst and E. Lunasin},
  title = {The {N}avier-{S}tokes-{V}oight Model for Image Inpainting},
  journal = {arXiv:0901.4548v2},
  year = {2010},
  note = {(in submission)},
  url = {http://www.citebase.org/abstract?id=oai:arXiv.org:0901.4548}
}

@BOOK{Evans_2010,
  title = {Partial {D}ifferential {E}quations},
  publisher = {American Mathematical Society},
  year = {2010},
  author = {Evans, Lawrence C.},
  volume = {19},
  pages = {xxii+749},
  series = {Graduate Studies in Mathematics},
  address = {Providence, RI},
  edition = {Second},
  isbn = {978-0-8218-4974-3},
  mrclass = {35-01},
  mrnumber = {2597943 (2011c:35002)},
  mrreviewer = {Diego M. Maldonado}
}

@BOOK{Evans_1998,
  title = {Partial {D}ifferential {E}quations},
  publisher = {American Mathematical Society},
  year = {1998},
  author = {Evans, L. C. },
  volume = {19},
  pages = {xviii+662},
  series = {Graduate Studies in Mathematics},
  address = {Providence, RI},
  isbn = {0-8218-0772-2},
  mrclass = {35-01},
  mrnumber = {1625845 (99e:35001)},
  mrreviewer = {Luigi Rodino}
}

@ARTICLE{Ferrari_Titi_1998,
  author = {Ferrari, A.B. and Titi, E. S. },
  title = {Gevrey regularity for nonlinear analytic parabolic equations},
  journal = {Comm. Partial Differential Equations},
  year = {1998},
  volume = {23},
  pages = {1--16},
  number = {1-2},
  coden = {CPDIDZ},
  fjournal = {Communications in Partial Differential Equations},
  issn = {0360-5302},
  mrclass = {35K55 (35B65)},
  mrnumber = {1608488 (99a:35116)},
  mrreviewer = {Jianzhong Su}
}

@ARTICLE{Ferrari_1993,
  author = {Ferrari, A. B.},
  title = {On the blow-up of solutions of the {$3$}-{D} {E}uler equations in
	a bounded domain},
  journal = {Comm. Math. Phys.},
  year = {1993},
  volume = {155},
  pages = {277--294},
  number = {2},
  coden = {CMPHAY},
  fjournal = {Communications in Mathematical Physics},
  issn = {0010-3616},
  mrclass = {35Q35 (76C99)},
  mrnumber = {1230029 (94g:35182)},
  mrreviewer = {Rodolfo Salvi}
}

@ARTICLE{Fila_Lieberman_1994,
  author = {Fila, Marek and Lieberman, Gary M.},
  title = {Derivative blow-up and beyond for quasilinear parabolic equations},
  journal = {Differential Integral Equations},
  year = {1994},
  volume = {7},
  pages = {811--821},
  number = {3-4},
  fjournal = {Differential and Integral Equations. An International Journal for
	Theory and Applications},
  issn = {0893-4983},
  mrclass = {35K55 (35B40)},
  mrnumber = {1270105 (95c:35121)},
  mrreviewer = {Song Mu Zheng}
}

@ARTICLE{Foias_Holm_Titi_2002,
  author = {Foias, C. and Holm, D. D. and Titi, E. S. },
  title = {The three-dimensional viscous {C}amassa-{H}olm equations, and their
	relation to the {N}avier-{S}tokes equations and turbulence theory},
  journal = {J. Dynam. Differential Equations},
  year = {2002},
  volume = {14},
  pages = {1--35},
  number = {1},
  coden = {JDDEEH},
  fjournal = {Journal of Dynamics and Differential Equations},
  issn = {1040-7294},
  mrclass = {76F02 (35Q30 35Q35 37L30 37N10 76D99 76F20)},
  mrnumber = {1878243 (2002k:76070)},
  mrreviewer = {Hongjun Gao}
}

@BOOK{Foias_Manley_Rosa_Temam_2001,
  title = {Navier-{S}tokes {E}quations and {T}urbulence},
  publisher = {Cambridge University Press},
  year = {2001},
  author = {Foias, C. and Manley, O. and Rosa, R. and Temam, R.},
  volume = {83},
  pages = {xiv+347},
  series = {Encyclopedia of Mathematics and its Applications},
  address = {Cambridge},
  isbn = {0-521-36032-3},
  mrclass = {76-02 (35Q30 37L30 37N10 76D05 76D06 76F05 76F20)},
  mrnumber = {1855030 (2003a:76001)},
  mrreviewer = {Xiaoming Wang}
}

@ARTICLE{Foias_Manley_Temam_1987,
  author = {Foias, C. and Manley, O. and Temam, R.},
  title = {Attractors for the {B}\'enard problem: existence and physical bounds
	on their fractal dimension},
  journal = {Nonlinear Anal.},
  year = {1987},
  volume = {11},
  pages = {939--967},
  number = {8},
  coden = {NOANDD},
  doi = {10.1016/0362-546X(87)90061-7},
  fjournal = {Nonlinear Analysis. Theory, Methods \& Applications. An International
	Multidisciplinary Journal. Series A: Theory and Methods},
  issn = {0362-546X},
  mrclass = {35Q10 (35B99 58F12)},
  mrnumber = {903787 (89f:35166)},
  mrreviewer = {C. Bardos},
  url = {http://dx.doi.org/10.1016/0362-546X(87)90061-7}
}

@ARTICLE{Foias_Temam_1989,
  author = {Foias, C. and Temam, R.},
  title = {Gevrey class regularity for the solutions of the {N}avier-{S}tokes
	equations},
  journal = {J. Funct. Anal.},
  year = {1989},
  volume = {87},
  pages = {359--369},
  number = {2},
  coden = {JFUAAW},
  fjournal = {Journal of Functional Analysis},
  issn = {0022-1236},
  mrclass = {35Q30 (35B65 76D05)},
  mrnumber = {1026858 (91a:35135)},
  mrreviewer = {Rodolfo Salvi}
}

@BOOK{Friedman_1983,
  title = {{P}artial {D}ifferential {E}quations of {P}arabolic {T}ype},
  publisher = {R.E. Krieger Pub. Co},
  year = {1983},
  author = {Friedman, A.},
  address = {Malabar},
  isbn = {0898746604}
}

@ARTICLE{Fujita_1966,
  author = {Fujita, Hiroshi},
  title = {On the blowing up of solutions of the {C}auchy problem for {$u_{t}=\Delta
	u+u^{1+\alpha }$}},
  journal = {J. Fac. Sci. Univ. Tokyo Sect. I},
  year = {1966},
  volume = {13},
  pages = {109--124 (1966)},
  fjournal = {Journal of the Faculty of Science. University of Tokyo. Section IA.
	Mathematics},
  issn = {0040-8980},
  mrclass = {35.37},
  mrnumber = {0214914 (35 \#5761)},
  mrreviewer = {K. Rektorys}
}

@ARTICLE{Galaktionov_Mitidieri_Pokhozhaev_2008,
  author = {Galaktionov, V. A. and Mitidieri, {\`E}. and Pokhozhaev, S. I.},
  title = {Existence and nonexistence of global solutions of the {K}uramoto-{S}ivashinsky
	equation},
  journal = {Dokl. Akad. Nauk},
  year = {2008},
  volume = {419},
  pages = {439--442},
  number = {4},
  doi = {10.1134/S106456240802021X},
  fjournal = {Rossi\u\i skaya Akademiya Nauk. Doklady Akademii Nauk},
  issn = {0869-5652},
  mrclass = {35Q53 (35B40)},
  mrnumber = {2462857},
  url = {http://dx.doi.org/10.1134/S106456240802021X}
}

@article {Gibbon_2008,
    AUTHOR = {Gibbon, J. D.},
     TITLE = {The three-dimensional {E}uler equations: where do we stand?},
   JOURNAL = {Phys. D},
  FJOURNAL = {Physica D. Nonlinear Phenomena},
    VOLUME = {237},
      YEAR = {2008},
    NUMBER = {14-17},
     PAGES = {1894--1904},
      ISSN = {0167-2789},
     CODEN = {PDNPDT},
   MRCLASS = {76B03 (35Q35)},
  MRNUMBER = {2449772 (2009i:76017)},
       DOI = {10.1016/j.physd.2007.10.014},
       URL = {http://dx.doi.org/10.1016/j.physd.2007.10.014},
}

@article {Gibbon_Bustamante_Kerr_2008,
    AUTHOR = {Gibbon, J. D. and Bustamante, M. and Kerr, R. M.},
     TITLE = {The three-dimensional {E}uler equations: singular or non-singular?},
   JOURNAL = {Nonlinearity},
  FJOURNAL = {Nonlinearity},
    VOLUME = {21},
      YEAR = {2008},
    NUMBER = {8},
     PAGES = {T123--T129},
      ISSN = {0951-7715},
     CODEN = {NONLE5},
   MRCLASS = {76B03 (35Q30)},
  MRNUMBER = {2425931 (2009f:76017)},
MRREVIEWER = {Quansen Jiu},
       DOI = {10.1088/0951-7715/21/8/T02},
       URL = {http://dx.doi.org/10.1088/0951-7715/21/8/T02},
}

@ARTICLE{Gilding_2005,
  author = {Gilding, B. H.},
  title = {The {C}auchy problem for {$u\sb t=\Delta u+\vert \nabla u\vert \sp
	q$}, large-time behaviour},
  journal = {J. Math. Pures Appl. (9)},
  year = {2005},
  volume = {84},
  pages = {753--785},
  number = {6},
  coden = {JMPAAM},
  fjournal = {Journal de Math\'ematiques Pures et Appliqu\'ees. Neuvi\`eme S\'erie},
  issn = {0021-7824},
  mrclass = {35K55 (35B40 35K15)},
  mrnumber = {2138640 (2006a:35149)},
  mrreviewer = {Juli{\'a}n Aguirre}
}

@ARTICLE{Gilding_Guedda_Kersner_2003,
  author = {Gilding, B. H. and Guedda, M. and Kersner, R.},
  title = {The {C}auchy problem for {$u\sb t=\Delta u+\vert \nabla u\vert \sp
	q$}},
  journal = {J. Math. Anal. Appl.},
  year = {2003},
  volume = {284},
  pages = {733--755},
  number = {2},
  coden = {JMANAK},
  fjournal = {Journal of Mathematical Analysis and Applications},
  issn = {0022-247X},
  mrclass = {35K55},
  mrnumber = {1998665 (2005h:35165)}
}

@ARTICLE{Hecht_Holm_Petersen_Wingate_2008_analysis,
  author = {Hecht, M. W. and Holm, D. D. and Petersen, M. R. and Wingate, B.
	A.},
  title = {The {LANS}-{$\alpha$} and {L}eray turbulence parameterizations in
	primitive equation ocean modeling},
  journal = {J. Phys. A},
  year = {2008},
  volume = {41},
  pages = {344009, 23},
  number = {34},
  fjournal = {Journal of Physics. A. Mathematical and Theoretical},
  issn = {1751-8113},
  mrclass = {76F02 (76D05 86A05)},
  mrnumber = {2456346 (2009j:76125)}
}

@ARTICLE{Hecht_Holm_Petersen_Wingate_2008_implementation,
  author = {Hecht, M. W. and Holm, D. D. and Petersen, M. R. and Wingate, B.
	A.},
  title = {Implementation of the {LANS}-{$\alpha$} turbulence model in a primitive
	equation ocean model},
  journal = {J. Comput. Phys.},
  year = {2008},
  volume = {227},
  pages = {5691--5716},
  number = {11},
  coden = {JCTPAH},
  fjournal = {Journal of Computational Physics},
  issn = {0021-9991},
  mrclass = {86A05 (76D05 76U05)},
  mrnumber = {2414926 (2009d:86006)},
  mrreviewer = {Maurizio Brocchini}
}

@ARTICLE{Petersen_Hecht_Wingate_2008,
  author = {Hecht, M. W. and Petersen, M. R. and Wingate, B. A.},
  title = {Efficient form of the {LANS}-{$\alpha$} turbulence model in a primitive-equation
	ocean model},
  journal = {J. Comput. Phys.},
  year = {2008},
  volume = {227},
  pages = {5717--5735},
  number = {11},
  coden = {JCTPAH},
  fjournal = {Journal of Computational Physics},
  issn = {0021-9991},
  mrclass = {86A05 (76D05 76U05)},
  mrnumber = {2414927 (2009d:86007)},
  mrreviewer = {Maurizio Brocchini}
}

@ARTICLE{Hmidi_Keraani_2007,
  author = {Hmidi, T. and Keraani, S.},
  title = {On the global well-posedness of the two-dimen\-sional {B}oussinesq
	system with a zero diffusivity},
  journal = {Adv. Differential Equations},
  year = {2007},
  volume = {12},
  pages = {461--480},
  number = {4},
  fjournal = {Advances in Differential Equations},
  issn = {1079-9389},
  mrclass = {35Q53 (35B30 76D03)},
  mrnumber = {2305876 (2009c:35404)}
}

@ARTICLE{Holm_Titi_2005,
  author = {Holm, D.D. and Titi, E.S.},
  title = {Computational models of Turbulence: The {LANS}-$\alpha$ model and
	the role of global analysis},
  journal = {SIAM News},
  year = {2005},
  volume = {38},
  number = {7},
  month = {September},
  note = {Feature Article}
}

@ARTICLE{HLT_2010,
  author = {Holst, M. and Lunasin, E. and G. Tsogtgerel},
  title = {Analysis of a General Family of Regularized {N}avier-{S}tokes and
	{MHD} Models},
  journal = {J. Nonlinear Sci},
  year = {2010},
  volume = {20},
  pages = {523-567},
  fjournal = {J. Nonlinear Sci}
}

@incollection {Hou_Li_2008_Numerical,
    AUTHOR = {Hou, Thomas Y. and Li, Ruo},
     TITLE = {Numerical study of nearly singular solutions of the 3-{D}  incompressible {E}uler equations},
 BOOKTITLE = {Mathematics and computation, a contemporary view},
    SERIES = {Abel Symp.},
    VOLUME = {3},
     PAGES = {39--66},
 PUBLISHER = {Springer},
   ADDRESS = {Berlin},
      YEAR = {2008},
   MRCLASS = {76M25 (76B47 76D05)},
  MRNUMBER = {2503501 (2010f:76057)},
       DOI = {10.1007/978-3-540-68850-1_3},
       URL = {http://dx.doi.org/10.1007/978-3-540-68850-1_3},
}

@ARTICLE{Hou_2009,
  author = {Hou, Thomas Y.},
  title = {Blow-up or no blow-up? {A} unified computational and analytic approach
	to 3{D} incompressible {E}uler and {N}avier-{S}tokes equations},
  journal = {Acta Numer.},
  year = {2009},
  volume = {18},
  pages = {277--346},
  fjournal = {Acta Numerica},
  isbn = {978-0-521-51642-6},
  issn = {0962-4929},
  mrclass = {35Q30 (35B40 35Q35 65M12 76D05)},
  mrnumber = {2506043}
}

@article {Hou_Li_2008_Blowup,
    AUTHOR = {Hou, Thomas Y. and Li, Ruo},
     TITLE = {Blowup or no blowup? {T}he interplay between theory and numerics},
   JOURNAL = {Phys. D},
  FJOURNAL = {Physica D. Nonlinear Phenomena},
    VOLUME = {237},
      YEAR = {2008},
    NUMBER = {14-17},
     PAGES = {1937--1944},
      ISSN = {0167-2789},
     CODEN = {PDNPDT},
   MRCLASS = {76B03 (35B40 35Q35 65M70 76M25)},
  MRNUMBER = {2449778 (2010c:76014)},
MRREVIEWER = {Angel Castro},
       DOI = {10.1016/j.physd.2008.01.018},
       URL = {http://dx.doi.org/10.1016/j.physd.2008.01.018},
}

@ARTICLE{Hou_Lei_2009,
  author = {Hou, Thomas Y. and Lei, Zhen},
  title = {On the stabilizing effect of convection in three-dimensional incompressible flows},
  journal = {Comm. Pure Appl. Math.},
  year = {2009},
  volume = {62},
  pages = {501--564},
  number = {4},
  coden = {CPAMA},
  doi = {10.1002/cpa.20254},
  fjournal = {Communications on Pure and Applied Mathematics},
  issn = {0010-3640},
  mrclass = {35Q30 (35B35 35Q31 76E06)},
  mrnumber = {2492706 (2010e:35206)},
  mrreviewer = {Jos{\'e} Luiz Boldrini},
  url = {http://dx.doi.org/10.1002/cpa.20254}
}

@ARTICLE{Hou_Li_2005,
  author = {Hou, T. Y. and Li, C.},
  title = {Global well-posedness of the viscous {B}oussinesq equations},
  journal = {Discrete Contin. Dyn. Syst.},
  year = {2005},
  volume = {12},
  pages = {1--12},
  number = {1},
  fjournal = {Discrete and Continuous Dynamical Systems. Series A},
  issn = {1078-0947},
  mrclass = {76D03 (35B30 35Q35 76D05)},
  mrnumber = {2121245 (2005j:76026)},
  mrreviewer = {Benoit P. Desjardins}
}

@ARTICLE{Ilyin_Lunasin_Titi_2006,
  author = {Ilyin, A. A. and Lunasin, E. M. and Titi, E. S.},
  title = {A modified-{L}eray-{$\alpha$} subgrid scale model of turbulence},
  journal = {Nonlinearity},
  year = {2006},
  volume = {19},
  pages = {879--897},
  number = {4},
  coden = {NONLE5},
  fjournal = {Nonlinearity},
  issn = {0951-7715},
  mrclass = {76F02 (76D05 76F65)},
  mrnumber = {2214948 (2007b:76053)},
  mrreviewer = {Christopher C. Hallstrom}
}

@ARTICLE{Ilyin_Titi_2007,
  author = {Ilyin, A.A. and Titi, E. S. },
  title = {On the domain of analyticity and small scales for the solutions of
	the damped-driven 2{D} {N}avier-{S}tokes equations},
  journal = {Dyn. Partial Differ. Equ.},
  year = {2007},
  volume = {4},
  pages = {111--127},
  number = {2},
  fjournal = {Dynamics of Partial Differential Equations},
  issn = {1548-159X},
  mrclass = {35Q30 (37L30 76D03 76D05)},
  mrnumber = {2332084 (2008k:35356)},
  mrreviewer = {Ning Ju}
}

@ARTICLE{Ju_2007,
  author = {Ju, N.},
  title = {The global attractor for the solutions to the 3{D} viscous primitive
	equations},
  journal = {Discrete Contin. Dyn. Syst.},
  year = {2007},
  volume = {17},
  pages = {159--179},
  number = {1},
  fjournal = {Discrete and Continuous Dynamical Systems. Series A},
  issn = {1078-0947},
  mrclass = {37L30 (35B41 35Q35 37N10 76U05 86A05 86A10)},
  mrnumber = {2257424 (2008f:37177)}
}

@ARTICLE{Yudovich_1963,
  author = {Judovi{\v{c}}, V. I.},
  title = {Non-stationary flows of an ideal incompressible fluid},
  journal = {\u Z. Vy\v cisl. Mat. i Mat. Fiz.},
  year = {1963},
  volume = {3},
  pages = {1032--1066},
  fjournal = {Akademija Nauk SSSR. \v Zurnal Vy\v cislitel$'$ no\u\i\ Matematiki
	i Matemati\v cesko\u\i\ Fiziki},
  issn = {0044-4669},
  mrclass = {35.79},
  mrnumber = {0158189 (28 \#1415)},
  mrreviewer = {P. C. Fife}
}

@ARTICLE{Kalantarov_1986,
  author = {Kalantarov, V. K.},
  title = {Attractors for some nonlinear problems of mathematical physics},
  journal = {Zap. Nauchn. Sem. Leningrad. Otdel. Mat. Inst. Steklov. (LOMI)},
  year = {1986},
  volume = {152},
  pages = {50--54, 182},
  number = {Kraev. Zadachi Mat. Fiz. i Smezhnye Vopr. Teor. Funktsii18},
  fjournal = {Zapiski Nauchnykh Seminarov Leningradskogo Otdeleniya Matematicheskogo
	Instituta imeni V. A. Steklova Akademii Nauk SSSR (LOMI)},
  issn = {0373-2703},
  mrclass = {58F12 (35Q20)},
  mrnumber = {869241 (89a:58061)},
  mrreviewer = {Dan Socolescu}
}

@ARTICLE{Kalantarov_Levant_Titi_2009,
  author = {Kalantarov, V. K. and Levant, B. and Titi, E. S.},
  title = {Gevrey regularity for the attractor of the 3{D} {N}avier-{S}tokes-{V}oight
	equations},
  journal = {J. Nonlinear Sci.},
  year = {2009},
  volume = {19},
  pages = {133--152},
  number = {2},
  fjournal = {Journal of Nonlinear Science},
  issn = {0938-8974},
  mrclass = {35Q35 (35A20 35B41 37L30 76D05)},
  mrnumber = {2495891}
}

@ARTICLE{Kalantarov_Titi_2009,
  author = {Kalantarov, V. K. and Titi, E. S.},
  title = {Global attractors and determining modes for the 3D {N}avier-{S}tokes-{V}oight
	equations},
  journal = {Chinese Ann. Math. B},
  year = {2009},
  volume = {30},
  pages = {697--714},
  number = {6},
  fjournal = {Chinese Annals of Mathematics. Series B}
}

@ARTICLE{Kaplan_1963,
  author = {Kaplan, Stanley},
  title = {On the growth of solutions of quasi-linear parabolic equations},
  journal = {Comm. Pure Appl. Math.},
  year = {1963},
  volume = {16},
  pages = {305--330},
  fjournal = {Communications on Pure and Applied Mathematics},
  issn = {0010-3640},
  mrclass = {35.62},
  mrnumber = {0160044 (28 \#3258)},
  mrreviewer = {P. Hartman}
}

@INCOLLECTION{Kato_1974,
  author = {Kato, T.},
  title = {Quasi-linear equations of evolution, with applications to partial
	differential equations},
  booktitle = {Spectral {T}heory and {D}ifferential {E}quations ({P}roc. {S}ympos.,
	{D}undee, 1974; dedicated to {K}onrad {J}\"orgens)},
  publisher = {Springer},
  year = {1975},
  pages = {25--70. Lecture Notes in Math., Vol. 448},
  address = {Berlin},
  mrclass = {35R20},
  mrnumber = {0407477 (53 \#11252)},
  mrreviewer = {C. Bardos}
}

@ARTICLE{Kato_1972,
  author = {Kato, T.},
  title = {Nonstationary flows of viscous and ideal fluids in {${\bf R}\sp{3}$}},
  journal = {J. Functional Analysis},
  year = {1972},
  volume = {9},
  pages = {296--305},
  mrclass = {35Q10},
  mrnumber = {0481652 (58 \#1753)},
  mrreviewer = {R. Temam}
}

@ARTICLE{Kerr_1993,
  author = {Kerr, R. M.},
  title = {Evidence for a singularity of the three-dimensional, incompressible
	{E}uler equations},
  journal = {Phys. Fluids A},
  year = {1993},
  volume = {5},
  pages = {1725--1746},
  number = {7},
  coden = {PFADEB},
  fjournal = {Physics of Fluids A. Fluid Dynamics},
  issn = {0899-8213},
  mrclass = {76C05 (76D99 76M25)},
  mrnumber = {1223050 (94d:76015)}
}

@ARTICLE{Khouider_Titi_2008,
  author = {Khouider, B. and Titi, E. S. },
  title = {An inviscid regularization for the surface quasi-geostrophic equation},
  journal = {Comm. Pure Appl. Math.},
  year = {2008},
  volume = {61},
  pages = {1331--1346},
  number = {10},
  coden = {CPAMA},
  fjournal = {Communications on Pure and Applied Mathematics},
  issn = {0010-3640},
  mrclass = {76Dxx (35Qxx 76U05 86Axx)},
  mrnumber = {2436184}
}

@BOOK{Kinderlehrer_Stampacchia_1980,
  title = {An {I}ntroduction to {V}ariational {I}nequalities and {T}heir {A}pplications},
  publisher = {Academic Press Inc. [Harcourt Brace Jovanovich Publishers]},
  year = {1980},
  author = {Kinderlehrer, D. and Stampacchia, G.},
  volume = {88},
  pages = {xiv+313},
  series = {Pure and Applied Mathematics},
  address = {New York},
  isbn = {0-12-407350-6},
  mrclass = {49A29 (35R35 47H15)},
  mrnumber = {567696 (81g:49013)},
  mrreviewer = {Erich Miersemann}
}

@ARTICLE{Kukavica_Vicol_2009,
  author = {Kukavica, I. and Vicol, V.},
  title = {On the radius of analyticity of solutions to the three-dimensional
	{E}uler equations},
  journal = {Proc. Amer. Math. Soc.},
  year = {2009},
  volume = {137},
  pages = {669--677},
  number = {2},
  coden = {PAMYAR},
  doi = {10.1090/S0002-9939-08-09693-7},
  fjournal = {Proceedings of the American Mathematical Society},
  issn = {0002-9939},
  mrclass = {35Q35 (35B10 35L60 76B03)},
  mrnumber = {2448589 (2009j:35272)},
  mrreviewer = {Paolo Secchi},
  url = {http://dx.doi.org/10.1090/S0002-9939-08-09693-7}
}

@ARTICLE{Kukavica_Ziane_2007,
  author = {Kukavica, I. and Ziane, M.},
  title = {On the regularity of the primitive equations of the ocean},
  journal = {Nonlinearity},
  year = {2007},
  volume = {20},
  pages = {2739--2753},
  number = {12},
  coden = {NONLE5},
  fjournal = {Nonlinearity},
  issn = {0951-7715},
  mrclass = {35Q35 (35B65 35R35)},
  mrnumber = {2368323 (2008k:35379)},
  mrreviewer = {Hongjie Dong}
}

@ARTICLE{Kupferman_Mangoubi_Titi_2008,
  author = {Kupferman, R. and M., Claude and Titi, E. S.},
  title = {A {B}eale-{K}ato-{M}ajda breakdown criterion for an {O}ldroyd-{B}
	fluid in the creeping flow regime},
  journal = {Commun. Math. Sci.},
  year = {2008},
  volume = {6},
  pages = {235--256},
  number = {1},
  fjournal = {Communications in Mathematical Sciences},
  issn = {1539-6746},
  mrclass = {76D03 (35B35 35Q35)},
  mrnumber = {2398006 (2009b:76029)},
  mrreviewer = {Nader Masmoudi}
}

@ARTICLE{Labovschii_Trenchea_2010,
  author = {Labovsky, A. and Trenchea, C.},
  title = {Large Eddy Simulations for the {MHD} Flows},
  note = {(in submission).}
}

@ARTICLE{Ladyzhenskaya_2003,
  author = {Ladyzhenskaya, O. A. },
  title = {The sixth millennium problem: {N}avier-{S}tokes equations, existence
	and smoothness},
  journal = {Uspekhi Mat. Nauk},
  year = {2003},
  volume = {58},
  pages = {45--78},
  number = {2(350)},
  fjournal = {Rossi\u\i skaya Akademiya Nauk. Moskovskoe Matematicheskoe Obshchestvo.
	Uspekhi Matematicheskikh Nauk},
  issn = {0042-1316},
  mrclass = {35Q30 (76D03 76D05)},
  mrnumber = {1992564 (2004f:35140)},
  mrreviewer = {J{\"u}rgen Socolowsky}
}

@ARTICLE{Larios_Lunasin_Titi_2010,
  author = {Larios, A. and Lunasin, E. and Titi, E. S.},
  title = {Global Well-posedness for The 2D {B}oussinesq System Without Heat
	Diffusion and With Either Anisotropic Viscosity or Inviscid {V}oigt-$\alpha$
	Regularization},
  journal = {arXiv:1010.5024v1},
  year = {2010},
  note = {(in submission)},
  url = {http://www.citebase.org/abstract?id=oai:arXiv.org:1010.5024v1}
}

@ARTICLE{Larios_Wingate_Petersen_Titi_2012,
  author = {Larios, A. and Wingate, B. and Petersen, M. and Titi, E. S.},
  title = {Numerical Analysis of the Euler-Voigt Equations and a Numerical Investigation of the Finite-Time Blow-Up of Solutions},
  note = {(in preparation)},
}

@ARTICLE{Larios_Titi_2010_MHD,
  author = {Larios, A. and Titi, E. S.},
  title = {Higher-Order Global Regularity of an Inviscid Voigt-Regularization of the Three-Dimensional Inviscid Resistive Magnetohydrodynamic Equations},
  journal = {arXiv:1104.0358},
  note = {(in submission)}
}

@ARTICLE{Larios_Titi_2009,
  author = {Larios, A. and Titi, E. S.},
  title = {On the Higher-Order Global Regularity of the Inviscid {V}oigt-Regularization
	of Three-Dimensional Hydrodynamic Models},
  journal = {Discrete Contin. Dyn. Syst. Ser. B},
  year = {2010},
  volume = {14},
  pages = {603--627},
  number = {2/3 \#15},
  fjournal = {Discrete and Continuous Dynamical Systems. Series B. A Journal Bridging
	Mathematics and Sciences}
}

@ARTICLE{Layton_Lewandowski_2006,
  author = {Layton, W. and Lewandowski, R.},
  title = {On a well-posed turbulence model},
  journal = {Discrete Contin. Dyn. Syst. Ser. B},
  year = {2006},
  volume = {6},
  pages = {111--128 (electronic)},
  number = {1},
  fjournal = {Discrete and Continuous Dynamical Systems. Series B. A Journal Bridging
	Mathematics and Sciences},
  issn = {1531-3492},
  mrclass = {76F02 (35B30 35Q35 76D05)},
  mrnumber = {2172198 (2006g:76054)},
  mrreviewer = {J. E. Marsden}
}

@ARTICLE{Levant_Ramos_Titi_2009,
  author = {Levant, B. and Ramos, F. and Titi, E. S. },
  title = {On the Statistical Properties of the 3D Incompressible {N}avier-{S}tokes-{V}oigt
	Model},
  journal = {Commun. Math. Sci.},
  year = {2010},
  volume = {8},
  pages = {277--293},
  number = {1},
  fjournal = {Communications in Mathematical Sciences}
}

@ARTICLE{Levermore_Oliver_1997,
  author = {Levermore, C. D. and Oliver, M.},
  title = {Analyticity of solutions for a generalized {E}uler equation},
  journal = {J. Differential Equations},
  year = {1997},
  volume = {133},
  pages = {321--339},
  number = {2},
  coden = {JDEQAK},
  fjournal = {Journal of Differential Equations},
  issn = {0022-0396},
  mrclass = {35Q30 (35B65 76B99 86A05)},
  mrnumber = {1427856 (97k:35198)}
}

@ARTICLE{Levermore_Oliver_Titi_1996,
  author = {Levermore, C. D. and Oliver, M. and Titi, E. S.},
  title = {Global well-posedness for models of shallow water in a basin with
	a varying bottom},
  journal = {Indiana Univ. Math. J.},
  year = {1996},
  volume = {45},
  pages = {479--510},
  number = {2},
  coden = {IUMJAB},
  doi = {10.1512/iumj.1996.45.1199},
  fjournal = {Indiana University Mathematics Journal},
  issn = {0022-2518},
  mrclass = {35Q35 (76B15 76C99)},
  mrnumber = {1414339 (97m:35214)},
  mrreviewer = {Jos{\'e} Luiz Boldrini},
  url = {http://dx.doi.org/10.1512/iumj.1996.45.1199}
}

@ARTICLE{Lichtenstein_1930,
  author = {Lichtenstein, L.},
  title = {\"{U}ber einige {E}xistenzprobleme der {H}ydrodynamik},
  journal = {Math. Z.},
  year = {1930},
  volume = {32},
  pages = {608--640},
  number = {1},
  coden = {MAZEAX},
  fjournal = {Mathematische Zeitschrift},
  issn = {0025-5874},
  mrclass = {Contributed Item},
  mrnumber = {1545189}
}

@BOOK{Lieb_Loss_2001,
  title = {Analysis},
  publisher = {American Mathematical Society},
  year = {2001},
  author = {Lieb, E. H. and Loss, M.},
  volume = {14},
  pages = {xxii+346},
  series = {Graduate Studies in Mathematics},
  address = {Providence, RI},
  edition = {Second},
  isbn = {0-8218-2783-9},
  mrclass = {00A05 (26-01 28-01 31-01 35J10 42-01)},
  mrnumber = {1817225 (2001i:00001)}
}

@ARTICLE{Linshiz_Titi_2007,
  author = {Linshiz, J. S. and Titi, E. S.},
  title = {Analytical study of certain magnetohydrodynamic-{$\alpha$} models},
  journal = {J. Math. Phys.},
  year = {2007},
  volume = {48},
  pages = {065504, 28},
  number = {6},
  coden = {JMAPAQ},
  fjournal = {Journal of Mathematical Physics},
  issn = {0022-2488},
  mrclass = {76W05 (35Q35 76D03 76F02)},
  mrnumber = {2337020 (2008i:76211)},
  mrreviewer = {Xiaoming Wang}
}

@ARTICLE{Lions_1959,
  author = {Lions, J.-L.},
  title = {Quelques r\'esultats d'existence dans des \'equations aux d\'eriv\'ees
	partielles non lin\'eaires},
  journal = {Bull. Soc. Math. France},
  year = {1959},
  volume = {87},
  pages = {245--273},
  fjournal = {Bulletin de la Soci\'et\'e Math\'ematique de France},
  issn = {0037-9484},
  mrclass = {35.00 (34.00)},
  mrnumber = {0115019 (22 \#5825)},
  mrreviewer = {E. Nelson}
}

@BOOK{Lions_Magenes_1972_III,
  title = {Non-homogeneous boundary value problems and applications. {V}ol.
	{III}},
  publisher = {Springer-Verlag},
  year = {1973},
  author = {Lions, J.-L. and Magenes, E.},
  pages = {xii+308},
  address = {New York},
  note = {Translated from the French by P. Kenneth, Die Grundlehren der mathematischen
	Wissenschaften, Band 183},
  mrclass = {35JXX (35KXX 35LXX 46E35 46F15)},
  mrnumber = {0350179 (50 \#2672)}
}

@BOOK{Lions_Magenes_1972_I,
  title = {Non-homogeneous boundary value problems and applications. {V}ol.
	{I}},
  publisher = {Springer-Verlag},
  year = {1972},
  author = {Lions, J.-L. and Magenes, E.},
  pages = {xvi+357},
  address = {New York},
  note = {Translated from the French by P. Kenneth, Die Grundlehren der mathematischen
	Wissenschaften, Band 181},
  mrclass = {35JXX (35KXX 35LXX 46E35)},
  mrnumber = {0350177 (50 \#2670)}
}

@BOOK{Lions_Magenes_1972_II,
  title = {Non-homogeneous boundary value problems and applications. {V}ol.
	{II}},
  publisher = {Springer-Verlag},
  year = {1972},
  author = {Lions, J.-L. and Magenes, E.},
  pages = {xi+242},
  address = {New York},
  note = {Translated from the French by P. Kenneth, Die Grundlehren der mathematischen
	Wissenschaften, Band 182},
  mrclass = {35JXX (35KXX 35LXX 46E35)},
  mrnumber = {0350178 (50 \#2671)}
}

@ARTICLE{Kardar_Parisi_Zhang_1986,
  author = {M. Kardar, G. Parisi, Y.-C. Zhang},
  title = {Dynamic scaling of growing interfaces},
  journal = {Phys. Rev. Lett.},
  year = {1986},
  volume = {56},
  pages = {889-892}
}

@BOOK{Majda_Bertozzi_2002,
  title = {Vorticity and {I}ncompressible {F}low},
  publisher = {Cambridge University Press},
  year = {2002},
  author = {Majda, A. J. and Bertozzi, A. L.},
  volume = {27},
  pages = {xii+545},
  series = {Cambridge Texts in Applied Mathematics},
  address = {Cambridge},
  isbn = {0-521-63057-6; 0-521-63948-4},
  mrclass = {76-02 (35Q30 35Q35 76B03 76D03 76D05)},
  mrnumber = {1867882 (2003a:76002)},
  mrreviewer = {Yuxi Zheng}
}

@BOOK{Marchioro_Pulvirenti_1994,
  title = {Mathematical {T}heory of {I}ncompressible {N}onviscous {F}luids},
  publisher = {Springer-Verlag},
  year = {1994},
  author = {Marchioro, C. and Pulvirenti, M.},
  volume = {96},
  pages = {xii+283},
  series = {Applied Mathematical Sciences},
  address = {New York},
  isbn = {0-387-94044-8},
  mrclass = {76-02 (35Q35 76Cxx 76E99 76F99 76M25)},
  mrnumber = {1245492 (94k:76001)},
  mrreviewer = {J. Thomas Beale}
}

@ARTICLE{Marsden_Shkoller_2001,
  author = {Marsden, J. E. and Shkoller, S.},
  title = {Global well-posedness for the {L}agrangian averaged {N}avier-{S}tokes
	({LANS}-{$\alpha$}) equations on bounded domains},
  journal = {R. Soc. Lond. Philos. Trans. Ser. A Math. Phys. Eng. Sci.},
  year = {2001},
  volume = {359},
  pages = {1449--1468},
  number = {1784},
  note = {Topological methods in the physical sciences (London, 2000)},
  fjournal = {The Royal Society of London. Philosophical Transactions. Series A.
	Mathematical, Physical and Engineering Sciences},
  issn = {1364-503X},
  mrclass = {35Q30 (35-02 35B35)},
  mrnumber = {1853633 (2002h:35239)},
  mrreviewer = {Alp O. Eden}
}

@BOOK{Necas_1967,
  title = {Les m\'ethodes directes en th\'eorie des \'equations elliptiques},
  publisher = {Masson et Cie, \'Editeurs, Paris},
  year = {1967},
  author = {Ne{\v{c}}as, Jind{\v{r}}ich},
  pages = {351},
  mrclass = {35.00},
  mrnumber = {0227584 (37 \#3168)},
  mrreviewer = {P. Szeptycki}
}

@ARTICLE{Ohkitani_2008,
  author = {Ohkitani, K.},
  title = {A miscellany of basic issues on incompressible fluid equations},
  journal = {Nonlinearity},
  year = {2008},
  volume = {21},
  pages = {T255--T271},
  number = {12},
  coden = {NONLE5},
  fjournal = {Nonlinearity},
  issn = {0951-7715},
  mrclass = {35Q30 (35B10 35Q35 76D05)},
  mrnumber = {2461034},
  mrreviewer = {Shu Ming Sun}
}

@ARTICLE{Oliver_Titi_2001,
  author = {Oliver, M. and Titi, E. S.},
  title = {On the domain of analyticity of solutions of second order analytic
	nonlinear differential equations},
  journal = {J. Differential Equations},
  year = {2001},
  volume = {174},
  pages = {55--74},
  number = {1},
  coden = {JDEQAK},
  fjournal = {Journal of Differential Equations},
  issn = {0022-0396},
  mrclass = {35A20},
  mrnumber = {1844523 (2002d:35007)},
  mrreviewer = {Anthony D. Osborne}
}

@ARTICLE{Oliver_Titi_2000,
  author = {Oliver, M. and Titi, E. S. },
  title = {Remark on the rate of decay of higher order derivatives for solutions
	to the {N}avier-{S}tokes equations in {${\bf R}\sp n$}},
  journal = {J. Funct. Anal.},
  year = {2000},
  volume = {172},
  pages = {1--18},
  number = {1},
  coden = {JFUAAW},
  fjournal = {Journal of Functional Analysis},
  issn = {0022-1236},
  mrclass = {35Q30 (76D05)},
  mrnumber = {1749867 (2000m:35147)},
  mrreviewer = {Maria Elena Schonbek}
}

@ARTICLE{Oskolkov_1982,
  author = {Oskolkov, A. P.},
  title = {On the theory of unsteady flows of {K}elvin-{V}oigt fluids},
  journal = {Zap. Nauchn. Sem. Leningrad. Otdel. Mat. Inst. Steklov. (LOMI)},
  year = {1982},
  volume = {115},
  pages = {191--202, 310},
  note = {Boundary value problems of mathematical physics and related questions
	in the theory of functions, 14},
  fjournal = {Zapiski Nauchnykh Seminarov Leningradskogo Otdeleniya Matematicheskogo
	Instituta imeni V. A. Steklova Akademii Nauk SSSR (LOMI)},
  issn = {0206-8540},
  mrclass = {35Q10 (45K05 76A10)},
  mrnumber = {660082 (83j:35132)}
}

@ARTICLE{Oskolkov_1976,
  author = {Oskolkov, A. P.},
  title = {Some nonstationary linear and quasilinear systems that arise in the
	study of the motion of viscous fluids},
  journal = {Zap. Nau\v cn. Sem. Leningrad. Otdel. Mat. Inst. Steklov. (LOMI)},
  year = {1976},
  volume = {59},
  pages = {133--177, 257},
  note = {Boundary value problems of mathematical physics and related questions
	in the theory of functions, 9},
  fjournal = {Zapiski Nau\v cnyh Seminarov Leningradskogo Otdelenija Matemati\v
	ceskogo Instituta im. V. A. Steklova Akademii Nauk SSSR (LOMI)},
  mrclass = {35Q99 (76.35)},
  mrnumber = {0457968 (56 \#16172)},
  mrreviewer = {V. Ju. Ljapidevskii}
}

@ARTICLE{Oskolkov_1975_MHD,
  author = {Oskolkov, A. P.},
  title = {Some quasilinear systems that arise in the study of the motion of
	viscous fluids},
  journal = {Zap. Nau\v cn. Sem. Leningrad. Otdel. Mat. Inst. Steklov (LOMI)},
  year = {1975},
  volume = {52},
  pages = {128--157, 219},
  note = {Boundary value problems of mathematical physics, and related questions
	in the theory of functions, 8},
  fjournal = {Zapiski Nau\v cnyh Seminarov Leningradskogo Otdelenija Matemati\v
	ceskogo Instituta im. V. A. Steklova Akademii Nauk SSSR (LOMI)},
  mrclass = {76.35},
  mrnumber = {0464884 (57 \#4805)},
  mrreviewer = {N. D. Kopacevskii}
}

@ARTICLE{Oskolkov_1973,
  author = {Oskolkov, A. P.},
  title = {The uniqueness and solvability in the large of boundary value problems
	for the equations of motion of aqueous solutions of polymers},
  journal = {Zap. Nau\v cn. Sem. Leningrad. Otdel. Mat. Inst. Steklov. (LOMI)},
  year = {1973},
  volume = {38},
  pages = {98--136},
  note = {Boundary value problems of mathematical physics and related questions
	in the theory of functions, 7},
  fjournal = {Zapiski Nau\v cnyh Seminarov Leningradskogo Otdelenija Matemati\v
	ceskogo Instituta im. V. A. Steklova Akademii Nauk SSSR (LOMI)},
  mrclass = {35Q99},
  mrnumber = {0377311 (51 \#13483)},
  mrreviewer = {B. Rusanov}
}

@ARTICLE{Paicu_Vicol_2009,
  author = {M. Paicu and V. Vicol},
  title = {Analyticity and {G}evrey-class regularity for the second-grade fluid
	equations},
  journal = {J. Math. Fluid Mech., (to appear)},
  year = {2009},
  url = {http://www.citebase.org/abstract?id=oai:arXiv.org:0912.1327}
}

@ARTICLE{Pak_Park_2004,
  author = {Pak, H. C. and Park, Y. J.},
  title = {Existence of solution for the {E}uler equations in a critical {B}esov
	space {$B^1_{\infty,1}(\mathbb{R}^n)$}},
  journal = {Comm. Partial Differential Equations},
  year = {2004},
  volume = {29},
  pages = {1149--1166},
  number = {7-8},
  coden = {CPDIDZ},
  fjournal = {Communications in Partial Differential Equations},
  issn = {0360-5302},
  mrclass = {35Q35 (76B03)},
  mrnumber = {2097579 (2005g:35247)},
  mrreviewer = {Paolo Secchi}
}

@ARTICLE{Peszynska_Showalter_Yi_2009,
  author = {Peszy{\'n}ska, M. and Showalter, R. and Yi, S.-Y.},
  title = {Homogenization of a pseudoparabolic system},
  journal = {Appl. Anal.},
  year = {2009},
  volume = {88},
  pages = {1265--1282},
  number = {9},
  doi = {10.1080/00036810903277077},
  fjournal = {Applicable Analysis. An International Journal},
  issn = {0003-6811},
  mrclass = {35B27 (35K70 74Q10 76S05)},
  mrnumber = {2574329},
  url = {http://dx.doi.org/10.1080/00036810903277077}
}

@ARTICLE{Petersen_2007,
  author = {Petersen, M. R.},
  title = {Efficient form of the {LANS}-alpha turbulence model in a primitive-equation
	ocean model},
  year = {2007},
  url = {http://www.citebase.org/abstract?id=oai:arXiv.org:physics/0703196}
}

@ARTICLE{Pokhozhaev_2008,
  author = {Pokhozhaev, S. I.},
  title = {On the blow-up of solutions of the {K}uramoto-{S}ivashinsky equation},
  journal = {Mat. Sb.},
  year = {2008},
  volume = {199},
  pages = {97--106},
  number = {9},
  doi = {10.1070/SM2008v199n09ABEH003963},
  fjournal = {Rossi\u\i skaya Akademiya Nauk. Matematicheski\u\i\ Sbornik},
  issn = {0368-8666},
  mrclass = {35K35 (35B40 35Q53)},
  mrnumber = {2466855 (2009j:35129)},
  url = {http://dx.doi.org/10.1070/SM2008v199n09ABEH003963}
}

@BOOK{Quittner_Souplet_2007,
  title = {Superlinear parabolic problems},
  publisher = {Birkh\"auser Verlag},
  year = {2007},
  author = {Quittner, Pavol and Souplet, Philippe},
  pages = {xii+584},
  series = {Birkh\"auser Advanced Texts: Basler Lehrb\"ucher. [Birkh\"auser Advanced
	Texts: Basel Textbooks]},
  address = {Basel},
  note = {Blow-up, global existence and steady states},
  isbn = {978-3-7643-8441-8},
  mrclass = {35-02 (35K50 35K55)},
  mrnumber = {2346798},
  mrreviewer = {Vicen{\c{t}}iu R{\u{a}}dulescu}
}

@ARTICLE{Ramos_Titi_2010,
  author = {Ramos, F. and Titi, E.S.},
  title = {Invariant measures for the 3{D} {N}avier-{S}tokes-{V}oigt equations
	and their {N}avier-{S}tokes limit},
  journal = {Discrete Contin. Dyn. Syst.},
  year = {2010},
  note = {(to appear)},
  fjournal = {Discrete and Continuous Dynamical Systems. Series A},
  url = {http://www.citebase.org/abstract?id=oai:arXiv.org:0910.1386}
}

@BOOK{Robinson_2001,
  title = {Infinite-{D}imensional {D}ynamical {S}ystems},
  publisher = {Cambridge University Press},
  year = {2001},
  author = {Robinson, J. C.},
  pages = {xviii+461},
  series = {Cambridge Texts in Applied Mathematics},
  address = {Cambridge},
  note = {An {I}ntroduction to {D}issipative {P}arabolic {PDE}s and the {T}heory
	of {G}lobal {A}ttractors},
  isbn = {0-521-63204-8},
  mrclass = {37-02 (34G10 34L30 35B41 35K57 35Q30 37Lxx)},
  mrnumber = {1881888 (2003f:37001a)},
  mrreviewer = {Ricardo M. S. Rosa}
}

@BOOK{Rodino_1993,
  title = {Linear {P}artial {D}ifferential {O}perators {I}n {G}evrey {S}paces},
  publisher = {World Scientific Publishing Co. Inc.},
  year = {1993},
  author = {Rodino, L.},
  pages = {x+251},
  address = {River Edge, NJ},
  isbn = {981-02-0845-6},
  mrclass = {35-02 (35B27 35D05 35H05 35S05 46Fxx)},
  mrnumber = {1249275 (95c:35001)},
  mrreviewer = {Todor V. Gramchev}
}

@ARTICLE{Schmidt_1988,
  author = {Schmidt, P. G.},
  title = {On a magnetohydrodynamic problem of {E}uler type},
  journal = {J. Differential Equations},
  year = {1988},
  volume = {74},
  pages = {318--335},
  number = {2},
  coden = {JDEQAK},
  doi = {10.1016/0022-0396(88)90008-3},
  fjournal = {Journal of Differential Equations},
  issn = {0022-0396},
  mrclass = {76W05 (35Q10)},
  mrnumber = {952901 (89j:76088)},
  mrreviewer = {Denis Serre},
  url = {http://dx.doi.org/10.1016/0022-0396(88)90008-3}
}

@BOOK{Schnack_2009,
  title = {Lectures in {M}agnetohydrodynamics: {W}ith an {A}ppendix on {E}xtended
	{MHD}},
  publisher = {Springer},
  year = {2009},
  author = {Schnack, Dalton},
  address = {Berlin},
  isbn = {9783642006876}
}

@ARTICLE{Secchi_1993,
  author = {Secchi, P.},
  title = {On the equations of ideal incompressible magnetohydrodynamics},
  journal = {Rend. Sem. Mat. Univ. Padova},
  year = {1993},
  volume = {90},
  pages = {103--119},
  fjournal = {Rendiconti del Seminario Matematico della Universit\`a di Padova.
	The Mathematical Journal of the University of Padova},
  issn = {0041-8994},
  mrclass = {76W05 (35Q30 76C99)},
  mrnumber = {1257135 (95i:76113)},
  mrreviewer = {Alberto Valli},
  url = {http://www.numdam.org/item?id=RSMUP_1993__90__103_0}
}

@ARTICLE{Showalter_1975_nonlin,
  author = {Showalter, R. E.},
  title = {Nonlinear degenerate evolution equations and partial differential
	equations of mixed type},
  journal = {SIAM J. Math. Anal.},
  year = {1975},
  volume = {6},
  pages = {25--42},
  fjournal = {SIAM Journal on Mathematical Analysis},
  issn = {0036-1410},
  mrclass = {47H15 (35R20)},
  mrnumber = {0394351 (52 \#15154a)},
  mrreviewer = {J. A. Goldstein}
}

@ARTICLE{Showalter_1975_Sobolev2,
  author = {Showalter, R. E.},
  title = {The {S}obolev equation. {II}},
  journal = {Applicable Anal.},
  year = {1975},
  volume = {5},
  pages = {81--99},
  number = {2},
  fjournal = {Applicable Analysis. An International Journal},
  issn = {0003-6811},
  mrclass = {35R20},
  mrnumber = {0415105 (54 \#3196)},
  mrreviewer = {Tapas Mazumdar}
}

@ARTICLE{Showalter_1972_rep,
  author = {Showalter, R. E.},
  title = {Existence and representation theorems for a semilinear {S}obolev
	equation in {B}anach space},
  journal = {SIAM J. Math. Anal.},
  year = {1972},
  volume = {3},
  pages = {527--543},
  fjournal = {SIAM Journal on Mathematical Analysis},
  issn = {0036-1410},
  mrclass = {34G05 (47H15)},
  mrnumber = {0315239 (47 \#3788)},
  mrreviewer = {G. Ladas}
}

@ARTICLE{Showalter_1970_odd,
  author = {Showalter, R. E.},
  title = {Well-posed problems for a partial differential equation of order
	{$2m+1$}},
  journal = {SIAM J. Math. Anal.},
  year = {1970},
  volume = {1},
  pages = {214--231},
  fjournal = {SIAM Journal on Mathematical Analysis},
  issn = {0036-1410},
  mrclass = {35.65},
  mrnumber = {0261171 (41 \#5787)},
  mrreviewer = {J. E. Lagnese}
}

@ARTICLE{Showalter_1970_SG,
  author = {Showalter, R. E.},
  title = {Local regularity of solutions of {S}obolev-{G}alpern partial differential
	equations},
  journal = {Pacific J. Math.},
  year = {1970},
  volume = {34},
  pages = {781--787},
  fjournal = {Pacific Journal of Mathematics},
  issn = {0030-8730},
  mrclass = {35.24},
  mrnumber = {0267251 (42 \#2153)},
  mrreviewer = {N. Shimakura}
}

@ARTICLE{Showalter_Ting_1970,
  author = {Showalter, R. E. and Ting, T. W.},
  title = {Pseudoparabolic partial differential equations},
  journal = {SIAM J. Math. Anal.},
  year = {1970},
  volume = {1},
  pages = {1--26},
  fjournal = {SIAM Journal on Mathematical Analysis},
  issn = {0036-1410},
  mrclass = {35K99},
  mrnumber = {0437936 (55 \#10857)}
}

@BOOK{Ladyzhenskaya_1968,
  title = {Linear and {Q}uasilinear {E}quations of {P}arabolic {T}ype},
  publisher = {American Mathematical Society, Providence, RI},
  year = {1968},
  author = {Solonnikov, V.A. and Ural'ceva, N.N. and Ladyzhenskaya, O. A.},
  volume = {23},
  note = {in: Translations in Mathematical Monographs}
}

@ARTICLE{Souplet_2002,
  author = {Souplet, Philippe},
  title = {Gradient blow-up for multidimensional nonlinear parabolic equations
	with general boundary conditions},
  journal = {Differential Integral Equations},
  year = {2002},
  volume = {15},
  pages = {237--256},
  number = {2},
  fjournal = {Differential and Integral Equations. An International Journal for
	Theory \& Applications},
  issn = {0893-4983},
  mrclass = {35K55 (35B40 35K10 45K05)},
  mrnumber = {1870471 (2002h:35128)},
  mrreviewer = {Lubomira G. Softova}
}

@BOOK{Temam_2001_Th_Num,
  title = {Navier-{S}tokes {E}quations: {T}heory and {N}umerical {A}nalysis},
  publisher = {AMS Chelsea Publishing, Providence, RI},
  year = {2001},
  author = {Temam, R.},
  pages = {xiv+408},
  note = {Theory and numerical analysis, Reprint of the 1984 edition},
  isbn = {0-8218-2737-5},
  mrclass = {76-02 (35Q30 65Mxx 65Nxx 76D03 76D05 76N10)},
  mrnumber = {1846644 (2002j:76001)},
  mrreviewer = {Tom{\'a}s Chac{\'o}n Rebollo}
}

@BOOK{Temam_1997_IDDS,
  title = {Infinite-{D}imensional {D}ynamical {S}ystems {I}n {M}echanics and
	{P}hysics},
  publisher = {Springer-Verlag},
  year = {1997},
  author = {Temam, R.},
  volume = {68},
  pages = {xxii+648},
  series = {Applied Mathematical Sciences},
  address = {New York},
  edition = {Second},
  isbn = {0-387-94866-X},
  mrclass = {58Fxx (34G20 35K55 35Q30 47H20 58D25 76D05)},
  mrnumber = {1441312 (98b:58056)},
  mrreviewer = {Bruno Scheurer}
}

@BOOK{Temam_1995_Fun_Anal,
  title = {Navier-{S}tokes {E}quations and {N}onlinear {F}unctional {A}nalysis},
  publisher = {Society for Industrial and Applied Mathematics (SIAM)},
  year = {1995},
  author = {Temam, R.},
  volume = {66},
  pages = {xiv+141},
  series = {CBMS-NSF Regional Conference Series in Applied Mathematics},
  address = {Philadelphia, PA},
  edition = {Second},
  isbn = {0-89871-340-4},
  mrclass = {35Q30 (34G20 46N20 47H20 47N20 76D05)},
  mrnumber = {1318914 (96e:35136)},
  mrreviewer = {Vadim Bondarevsky}
}

@INCOLLECTION{Temam_1976,
  author = {Temam, R.},
  title = {Local existence of {$C\sp{\infty }$} solutions of the {E}uler equations
	of incompressible perfect fluids},
  booktitle = {Turbulence and {N}avier-{S}tokes equations ({P}roc. {C}onf., {U}niv.
	{P}aris-{S}ud, {O}rsay, 1975)},
  publisher = {Springer},
  year = {1976},
  pages = {184--194. Lecture Notes in Math., Vol. 565},
  address = {Berlin},
  mrclass = {35Q10 (58D05 76.35)},
  mrnumber = {0467033 (57 \#6902)},
  mrreviewer = {T. Kato}
}

@ARTICLE{Temam_1975,
  author = {Temam, R.},
  title = {On the {E}uler equations of incompressible perfect fluids},
  journal = {J. Functional Analysis},
  year = {1975},
  volume = {20},
  pages = {32--43},
  number = {1},
  mrclass = {35Q99},
  mrnumber = {0430568 (55 \#3573)},
  mrreviewer = {W. F. Ames}
}

@ARTICLE{Wang_1993,
  author = {Wang, X. M.},
  title = {A remark on the characterization of the gradient of a distribution},
  journal = {Appl. Anal.},
  year = {1993},
  volume = {51},
  pages = {35--40},
  number = {1-4},
  coden = {APANCC},
  fjournal = {Applicable Analysis. An International Journal},
  issn = {0003-6811},
  mrclass = {46F10 (26B12)},
  mrnumber = {1278991 (95k:46064)},
  mrreviewer = {W. Kecs}
}

@BOOK{Yeh_2006,
  title = {Real analysis},
  publisher = {World Scientific Publishing Co. Pte. Ltd., Hackensack, NJ},
  year = {2006},
  author = {Yeh, J.},
  pages = {xxii+738},
  edition = {Second},
  note = {Theory of measure and integration},
  isbn = {981-256-654-6},
  mrclass = {28-01 (26-01 28A12 28A20 28A25 28A78 46-01)},
  mrnumber = {2250344 (2007i:28001)},
  mrreviewer = {Richard Becker}
}

